%% This BibTeX bibliography file was created using BibDesk.
%% http://bibdesk.sourceforge.net/


%% Created for Stephen Wiggins at 2018-05-18 19:59:50 +0100


%% Saved with string encoding Unicode (UTF-8)



@article{Rampal2009,
	Author = {Rampal, P. and Weiss, J. and Marsan, D. and Bourgoin, M. },
	Journal = {J. Geophys. Res.-Ocean  },
	Number = { },
	Pages = {C10014    },
	Title = {Arctic sea ice velocity field: General circulation and turbulentlike fluctuations   },
	Volume = { 114},
	Year = {2009 }}


@article{Rampal2016,
	Author = {Rampal, Pierre  and Bouillon, Sylvain  and   Bergh, Jon and Olason, Einar },
	Journal = {Cryosphere },
	Number = { },
	Pages = {1513Â–1527 },
	Title = {Arctic sea-ice diffusion from observed and simulated Lagrangian trajectories    },
	Volume = { 10},
	Year = {2016 }}




@article{Rampal2020,
	Author = {Cheng, Sukun and Aydogdu, Ali and Rampal, Pierre and Carrassi, Alberto and  Bertino, Laurent},
	Journal = {arXiv:2009.04881   },
	Number = { },
	Pages = { },
	Title = {Probabilistic forecasts of sea ice trajectories in the Arctic: impact of uncertainties in surface wind and ice cohesion    },
	Volume = { },
	Year = {2020 }}



@article{BlockleyIceModeling,
	Author = { Blockley, Ed et. al. },
	Journal = {Bulletin of the American Meteorological Society   },
	Number = {8 },
	Pages = {E1304-E1311 },
	Title = {The Future of Sea Ice Modeling -- Where Do We Go from Here?    },
	Volume = {101 },
	Year = {2020}}








@article{mohammadi2018predictability,
	Author = {Mohammadi-Aragh, Mahdi and Goessling, HF and Losch, Martin and Hutter, Nils and Jung, Thomas},
	Date-Added = {2018-05-13 17:30:33 +0000},
	Date-Modified = {2018-05-13 17:30:33 +0000},
	Journal = {Scientific reports},
	Publisher = {Nature Publishing Group},
	Title = {Predictability of Arctic sea ice on weather time scales},
	Volume = {8},
	Year = {2018}}

@article{hunke2010sea,
	Author = {Hunke, Elizabeth C and Lipscomb, William H and Turner, Adrian K},
	Date-Added = {2018-05-13 17:07:31 +0000},
	Date-Modified = {2018-05-13 17:07:31 +0000},
	Journal = {Journal of Glaciology},
	Number = {200},
	Pages = {1162--1172},
	Publisher = {Cambridge University Press},
	Title = {Sea-ice models for climate study: retrospective and new directions},
	Volume = {56},
	Year = {2010}}

@article{sedlacek2007granular,
	Author = {Sedlacek, Jan and Lemieux, Jean-Fran{\c{c}}ois and Mysak, Lawrence A and Tremblay, L Bruno and Holland, David M},
	Date-Added = {2018-05-13 16:04:43 +0000},
	Date-Modified = {2018-05-13 16:04:43 +0000},
	Journal = {Journal of Climate},
	Number = {24},
	Pages = {5946--5961},
	Title = {The granular sea ice model in spherical coordinates and its application to a global climate model},
	Volume = {20},
	Year = {2007}}

@article{park2016analytical,
	Author = {Park, H-S and Stewart, AL},
	Date-Added = {2018-05-13 12:17:44 +0000},
	Date-Modified = {2018-05-13 12:17:44 +0000},
	Journal = {The Cryosphere},
	Number = {1},
	Pages = {227--244},
	Publisher = {Copernicus GmbH},
	Title = {An analytical model for wind-driven Arctic summer sea ice drift},
	Volume = {10},
	Year = {2016}}

@article{sakov2012topaz4,
	Author = {Sakov, Pavel and Counillon, F and Bertino, L and Lis{\ae}ter, KA and Oke, PR and Korablev, A},
	Date-Added = {2018-05-13 09:12:30 +0000},
	Date-Modified = {2018-05-13 09:12:30 +0000},
	Journal = {Ocean Science},
	Number = {4},
	Pages = {633},
	Publisher = {Copernicus GmbH},
	Title = {TOPAZ4: an ocean-sea ice data assimilation system for the North Atlantic and Arctic},
	Volume = {8},
	Year = {2012}}

@article{fenty2013hydrographic2,
	Author = {Fenty, Ian and Heimbach, Patrick},
	Date-Added = {2018-05-12 19:35:58 +0000},
	Date-Modified = {2018-05-12 19:35:58 +0000},
	Journal = {Journal of Physical Oceanography},
	Number = {5},
	Pages = {863--883},
	Title = {Hydrographic preconditioning for seasonal sea ice anomalies in the Labrador Sea},
	Volume = {43},
	Year = {2013}}

@article{fenty2013coupled,
	Author = {Fenty, Ian and Heimbach, Patrick},
	Date-Added = {2018-05-12 19:29:34 +0000},
	Date-Modified = {2018-05-12 19:29:34 +0000},
	Journal = {Journal of Physical Oceanography},
	Number = {5},
	Pages = {884--904},
	Title = {Coupled sea ice--ocean-state estimation in the Labrador Sea and Baffin Bay},
	Volume = {43},
	Year = {2013}}

@article{thorndike1975thickness,
	Author = {Thorndike, AS and Rothrock, DA and Maykut, GA and Colony, R},
	Date-Added = {2018-05-10 10:16:14 +0000},
	Date-Modified = {2018-05-10 10:16:14 +0000},
	Journal = {Journal of Geophysical Research},
	Number = {33},
	Pages = {4501--4513},
	Publisher = {Wiley Online Library},
	Title = {The thickness distribution of sea ice},
	Volume = {80},
	Year = {1975}}

@article{rallabandi2017formation,
	Author = {Rallabandi, Bhargav and Zheng, Zhong and Winton, Michael and Stone, Howard A},
	Date-Added = {2018-05-09 16:03:25 +0000},
	Date-Modified = {2018-05-09 16:03:25 +0000},
	Journal = {Journal of Geophysical Research: Oceans},
	Publisher = {Wiley Online Library},
	Title = {Formation of sea ice bridges in narrow straits in response to wind and water stresses},
	Year = {2017}}

@article{hibler1979dynamic,
	Author = {Hibler III, WD},
	Date-Added = {2018-05-09 15:49:05 +0000},
	Date-Modified = {2018-05-09 15:49:05 +0000},
	Journal = {Journal of Physical Oceanography},
	Number = {4},
	Pages = {815--846},
	Title = {A dynamic thermodynamic sea ice model},
	Volume = {9},
	Year = {1979}}

@misc{bitz2008numerical,
	Author = {Bitz, Cecilia M},
	Date-Added = {2018-05-08 07:24:04 +0000},
	Date-Modified = {2018-05-08 07:24:04 +0000},
	Publisher = {Tech. rep., University of Washington, www. 660 atmos. uw. edu/\~{} bitz/Bitz\_chapter. pdf},
	Title = {Numerical modeling of sea ice in the climate system},
	Year = {2008}}

@article{bushuk2015arctic,
	Author = {Bushuk, Mitchell and Giannakis, Dimitrios and Majda, Andrew J},
	Date-Added = {2018-05-01 12:02:24 +0000},
	Date-Modified = {2018-05-01 12:02:24 +0000},
	Journal = {Journal of Climate},
	Number = {14},
	Pages = {5477--5509},
	Title = {Arctic sea ice reemergence: The role of large-scale oceanic and atmospheric variability},
	Volume = {28},
	Year = {2015}}

@article{bushuk2014reemergence,
	Author = {Bushuk, Mitchell and Giannakis, Dimitrios and Majda, Andrew J},
	Date-Added = {2018-05-01 12:01:51 +0000},
	Date-Modified = {2018-05-01 12:01:51 +0000},
	Journal = {Journal of Climate},
	Number = {16},
	Pages = {6265--6287},
	Title = {Reemergence mechanisms for North Pacific sea ice revealed through nonlinear Laplacian spectral analysis},
	Volume = {27},
	Year = {2014}}

@article{bushuk2015sea,
	Author = {Bushuk, Mitchell and Giannakis, Dimitrios},
	Date-Added = {2018-05-01 12:00:37 +0000},
	Date-Modified = {2018-05-01 12:00:37 +0000},
	Journal = {Geophysical Research Letters},
	Number = {13},
	Pages = {5337--5345},
	Publisher = {Wiley Online Library},
	Title = {Sea-ice reemergence in a model hierarchy},
	Volume = {42},
	Year = {2015}}

@article{bushuk2017seasonality,
	Author = {Bushuk, Mitchell and Giannakis, Dimitrios},
	Date-Added = {2018-05-01 11:58:42 +0000},
	Date-Modified = {2018-05-01 11:58:42 +0000},
	Journal = {Journal of Climate},
	Number = {12},
	Pages = {4657--4676},
	Title = {The Seasonality and Interannual Variability of Arctic Sea Ice Reemergence},
	Volume = {30},
	Year = {2017}}
