%%%  Duan:  Data Sci  bib file



@article{ ,
	Author = { },
	Journal = {   },
	Number = { },
	Pages = { },
	Title = {    },
	Volume = { },
	Year = { }}



@book{ ,
  title={ },
  author="{ }",
  year={  },
  address={   },
  publisher={    }
}


%%  Data Science Books
 


@book{Applebaum,
  title={L\'evy Processes and Stochastic Calculus, second ed},
  author="{Applebaum, D.}",
  year={2009},
  address={New York},
  publisher={Cambridge University Press}
}

@book{KM,
  title={Analysis and Data-Based Reconstruction of Complex Nonlinear Dynamical Systems},
  author="{M. Reza Rahimi Tabar.}",
  year={2019},
  address={},
  publisher={Springer}
}


%%% General refs

 

@book{Chicago,
  title={World Business Chicago},
  author="{City of Chicago}",
  year={2022},
  address={},
  publisher={https://worldbusinesschicago.com/our-work/}
}

@book{P33,
  title={THE STATE OF CHICAGO TECH TALENT},
  author="{P33 and Chicago Tech
Talent Coalition}",
  year={November 2021},
  address={},
  publisher={https://p33chicago.com/ }
}

%%% Data Science papers

@article{Lu2022LearningTT,
  title={Learning the temporal evolution of multivariate densities via normalizing flows},
  author={Yubin Lu and Romit Maulik and Ting Gao and Felix Dietrich and Ioannis G. Kevrekidis and Jinqiao Duan},
  journal={Chaos},
  year={2022},
  volume={32},
  pages={
          033121
        }
}

@article{Wei2022AnOC,
  title={An Optimal Control Method to Compute the Most Likely Transition Path for Stochastic Dynamical Systems with Jumps},
  author={Wei Wei and Xiaoli Chen and Ting Gao and Jinqiao Duan},
  journal={Chaos},
  year={2022},
  volume={32},
 pages={
     051102
        } 
}


@article{Li2022ExtractingGL,
  title={Extracting Governing Laws from Sample Path Data of Non-Gaussian Stochastic Dynamical Systems},
  author={Yang Li and Jinqiao Duan},
  journal={Journal of Statistical Physics},
  year={2022},
  volume={186},
  pages={1-21}
}


@article{Yanxia2020 ,
	Author = {Yanxia Zhang and  Jinqiao Duan and Yanfei Jin and Yang Li },
	Journal = {Chaos   },
	Number = { },
	Pages = {113112 },
	Title = {Extracting non-Gaussian governing laws from data on mean exit time    },
	Volume = {30 },
	Year = {2020 }}





@article{DaiMinChaos ,
	Author = {Min Dai and  Ting Gao and  Yubin Lu and  Yayun Zheng and  Jinqiao Duan },
	Journal = {Chaos   },
	Number = { },
	Pages = {113124 },
	Title = {Detecting the maximum likelihood transition path from data of stochastic dynamical systems },
	Volume = {30 },
	Year = {2020 }}



@article{LuYB2020,
	Author = {Y. Lu and J. Duan },
	Journal = {Chaos   },
	Number = { },
	Pages = {093110 },
	Title = {Discovering transition phenomena from data of stochastic dynamical systems with L\'evy noise   },
	Volume = {30 },
	Year = {2020 }}







@article{WuFuDuan2019,
	Author = {D. Wu and M. Fu and J. Duan },
	Journal = {Chaos   },
	Number = { },
	Pages = {093122 },
	Title = {Discovering mean residence time and escape probability from data of stochastic dynamical systems    },
	Volume = {29 },
	Year = {2019 }}












@article{ChenXL2020 ,
	Author = {X.  Chen and J.  Duan and  G.  Em Karniadakis },
	Journal = {European J. Appl. Math   },
	Number = {3 },
	Pages = { doi:10.1017/S0956792520000169 },
	Title = {Learning and Meta-Learning of Stochastic Advection-Diffusion-Reaction Systems from Sparse Measurements    },
	Volume = {31 },
	Year = {2020 }}





@article{XiaoliChen2020b,
	Author = {X.  Chen and L. Yang and  J. Duan and G. Em Karniadakis},
	Journal = {SIAM J Sci Computing   },
	Number = { },
	Pages = {accepted  },
	Title = {Solving Inverse Stochastic Problems from Discrete Particle Observations Using the Fokker-Planck Equation and Physics-informed Neural Networks},
	Volume = { },
	Year = {2021 }}








@article{YangLi2020a,
	Author = {Yang Li and Jinqiao Duan },
	Journal = {Physica D },
	Number = { },
	Pages = {132830 },
	Title = {A Data-Driven Approach for Discovering Stochastic Dynamical Systems with Non-Gaussian L\'evy Noise    },
	Volume = {417 },
	Year = {2021 }}




@article{YangLi2020b,
	Author = {Yang Li and  Jinqiao Duan and  Xianbin Liu },
	Journal = {Phys Rev E },
	Number = { },
	Pages = { },
	Title = {A Machine Learning Framework for Computing the Most Probable Paths of Stochastic Dynamical Systems    },
	Volume = { },
	Year = {2020 }}




@article{Froyland2009,
	Author = {Froyland, G. and   Padberg, K.},
	Journal = {Physica D   },
	Number = { },
	Pages = { 1507?523},
	Title = {Almost-invariant sets and invariant manifolds -
 Connecting probabilistic and geometric descriptions of coherent structures in flows},
	Volume = {238 },
	Year = {2009 }}




@article{Koltai2017,
	Author = {Ralf Banisch  and  Peter Koltai },
	Journal = { Chaos  },
	Number = { },
	Pages = {035804},
	Title = {Understanding the geometry of transport: Diffusion maps for Lagrangian trajectory data unravel coherent sets},
	Volume = {27 },
	Year = {2017 }}



@article{AJLu,
	Author = {  A. J. Chorin and F. Lu },
	Journal = { Proceedings of the National Academy of Sciences  },
	Number = { },
	Pages = {9804-9809},
	Title = {Discrete approach to stochastic parametrization and dimension reduction in nonlinear dynamics},
	Volume = { },
	Year = { 2015}}


@article{GPs1,
	Author = {  A. Ruttor and P. Batz and M. Opper },
	Journal = {International Conference on Neural Information Processing Systems Curran Associates Inc },
	Number = { },
	Pages = {},
	Title = {Approximate Gaussian process inference for the drift of stochastic differential equations},
	Volume = { },
	Year = { 2013}}



@article{GPs2,
	Author = {  C. A. Garc¨ªa and P. F\'elix and J. Presedo and D. g. M\'arquez },
	Journal = {Physical Review E },
	Number = { },
	Pages = {022104},
	Title = {Nonparametric estimation of stochastic differential equations with sparse Gaussian processes},
	Volume = { },
	Year = { 2017}}


@article{SINDy1,
	Author = {  S. L. Brunton and  J.L. Proctor  and J.N. Kutz },
	Journal = {Proceedings of the National Academy of Sciences},
	Number = { },
	Pages = {201517384},
	Title = {Discovering governing equations from data by sparse identification of nonlinear dynamical systems},
	Volume = { },
	Year = { 2016}}



@article{SINDy2,
	Author = {   K. Champion and B. Lusch and J. N. Kutz and S. L. Brunton },
	Journal = {Proceedings of the National Academy of Sciences},
	Number = { },
	Pages = {1906995116},
	Title = {Data-driven discovery of coordinates and governing equations},
	Volume = { },
	Year = { 2019}}




@article{DMD,
	Author = {  P. J. Schmid },
	Journal = {Journal of Fluid Mechanics},
	Number = { },
	Pages = {5-28},
	Title = {Dynamic Mode Decomposition of numerical and experimental data},
	Volume = { },
	Year = { 2008}}


@article{EDMD,
	Author = {  M. O. Williams and I. G. Kevrekidis and C.W. Rowley },
	Journal = {Journal of Nonlinear Science},
	Number = { },
	Pages = {1307-1346},
	Title = {A Data-Driven Approximation of the Koopman Operator: Extending Dynamic Mode Decomposition},
	Volume = { },
	Year = { 2015}}



@article{SKO1,
	Author = {  N. Takeishi and Y. Kawahara and T. Yairi },
	Journal = {Physical Review E},
	Number = { },
	Pages = {033310},
	Title = {Subspace dynamic mode decomposition for stochastic Koopman analysis},
	Volume = { },
	Year = { 2017}}


@article{SKO2,
	Author = {  A. N. Riseth and J.P. Taylor-King },
	Journal = {arXiv:1702.07597v2},
	Number = { },
	Pages = {},
	Title = {Operator Fitting for Parameter Estimation of Stochastic Differential Equations},
	Volume = { },
	Year = { 2019}}



@article{SKO3,
	Author = {  S. Klus and F. N\"uske and S. Peitz and J. H. Niemann and C. Clementi and C. Sch\"utte },
	Journal = {Physica D: Nonlinear Phenomena},
	Number = { },
	Pages = {132416},
	Title = {Data-driven approximation of the Koopman generator: Model reduction, system identification, and control},
	Volume = { 406},
	Year = { 2020}}


@article{Dellnitz,
	Author = {M. Dellnitz and G. Froyland and C. Horenkamp and K. Padberg-Gehle and A. Sen Gupta },
	Journal = {Nonlinear Processes in Geophysics},
	Number = { },
	Pages = {655-664},
	Title = {Seasonal variability of the subpolar gyres in the Southern Ocean: a numerical investigation based on transfer operators},
	Volume = { 406},
	Year = { 2009}}


@article{Froyland,
	Author = { G. Froyland and O. Junge and P. Koltai },
	Journal = {SIAM J. Numer. Anal.},
	Number = {1 },
	Pages = {223-247},
	Title = {Estimating long-term behavior of flows without trajectory integration: the infinitesimal generator approach},
	Volume = {51},
	Year = { 2013}}



@article{Klus1,
	Author = { S. Klus and P. Koltai and C. Sch\"utte },
	Journal = {Journal of Computational Dynamics},
	Number = {1 },
	Pages = {51-79},
	Title = {On the numerical approximation of the Perron- Frobenius and Koopman operator},
	Volume = {3},
	Year = { 2016}}


@article{Klus2,
	Author = { S. Klus and F. N\"uske and P. Koltai and H. Wu and I, Kevrekidis and C. Sch\"utte and F. No\'e },
	Journal = {J Nonlinear Sci},
	Number = { },
	Pages = {985-1010},
	Title = {Data-Driven Model Reduction and Transfer Operator Approximation},
	Volume = {},
	Year = { 2018}}


@article{Metzner,
	Author = { P. Metzner and E. Dittmer and T. Jahnke and C. Sch\"utte },
	Journal = {Journal of Computational Physics},
	Number = { },
	Pages = {353-375},
	Title = {Generator estimation of Markov jump processes},
	Volume = {},
	Year = { 2007}}




@article{Thiede,
	Author = { E H. Thiede and D. Giannakis and A R. Dinner and J. Weare },
	Journal = {J Chem. Phys},
	Number = { },
	Pages = {244111},
	Title = {Galerkin approximation of dynamical quantities using trajectory data},
	Volume = {},
	Year = { 2019}}





@article{WuFuDuan,
	Author = { D. Wu and M. Fu and J. Duan },
	Journal = {Chaos},
	Number = { },
	Pages = {093122},
	Title = {Discovering mean residence time and escape probability from data of stochastic dynamical systems},
	Volume = {},
	Year = { 2019}}


@article{Gao,
	Author = { T. Gao and J. Duan and X. Li and R. Song },
	Journal = {SIAM Journal on Scientific Computing},
	Number = { },
	Pages = {},
	Title = {Mean Exit Time and Escape Probability for Dynamical Systems Driven by L\'evy Noises},
	Volume = {},
	Year = { 2012}}



@article{ChenWu,
	Author = { X. Chen and F. Wu and J. Duan and J. Kurths and X. Li },
	Journal = {Applied Mathematics and Computation},
	Number = { },
	Pages = {425-436},
	Title = {Most probable dynamics of a genetic regulatory network under stable L\'evy noise},
	Volume = {348},
	Year = { 2018}}



@article{Sun,
	Author = { X. Sun and X. Li and Y. Zheng },
	Journal = {Stochastics and Dynamics},
	Number = {5 },
	Pages = {},
	Title = {Governing equations for probability densities of Marcus stochastic differential equations with L\'evy noise},
	Volume = {17},
	Year = { 2017}}




@article{Gao1,
	Author = { J. Duan and T. Gao and G. He },
	Journal = {Interdisciplinary Mathematical Sciences},
	Number = { },
	Pages = {99-110},
	Title = {Quantifying Model Uncertainties in the Space of Probability Measures},
	Volume = {13},
	Year = { 2012}}

@article{Lu2019DeepONetLN,
  title={DeepONet: Learning nonlinear operators for identifying differential equations based on the universal approximation theorem of operators},
  author={Lu Lu and Pengzhan Jin and G. Karniadakis},
  journal={ArXiv},
  year={2019},
  volume={abs/1910.03193}
}


@article{EricVERare,
	Author = { Grant M Rotskoff and Eric Vanden-Eijnden },
	Journal = {arXiv:2008.06334},
	Number = { },
	Pages = {},
	Title = {Learning with rare data: Using active importance sampling to optimize objectives dominated by rare events},
	Volume = {},
	Year = {2020}}



@article{YannisLearnHomogenize,
	Author = { Hassan Arbabi and Judith E Bunder and Giovanni Samaey and Anthony J Roberts and Ioannis G Kevrekidis },
	Journal = {JOM},
	Number = { },
	Pages = {},
	Title = {Linking Machine Learning with Multiscale Numerics: Data-Driven Discovery of Homogenized Equations},
	Volume = {},
	Year = {2020}}



@article{BeckWeinan,
	Author = { Beck, C and E, W  and Jentzen, A },
	Journal = {J Nonlinear Sci},
	Number = { },
	Pages = {1563-1619},
	Title = {Machine Learning Approximation Algorithms for High-Dimensional Fully Nonlinear Partial Differential Equations and Second-order Backward Stochastic Differential Equations},
	Volume = {29},
	Year = {2019}}


@article{lou2020neural,
  title={Neural manifold ordinary differential equations},
  author={Lou, Aaron and Lim, Derek and Katsman, Isay and Huang, Leo and Jiang, Qingxuan and Lim, Ser-Nam and De Sa, Christopher},
  journal={arXiv preprint arXiv:2006.10254},
  year={2020}
}

@article{falorsi2020neural,
  title={Neural ordinary differential equations on manifolds},
  author={Falorsi, Luca and Forr{\'e}, Patrick},
  journal={arXiv preprint arXiv:2006.06663},
  year={2020}
}

@article{tzen2019neural,
  title={Neural stochastic differential equations: Deep latent gaussian models in the diffusion limit},
  author={Tzen, Belinda and Raginsky, Maxim},
  journal={arXiv preprint arXiv:1905.09883},
  year={2019}
}

@article{rubanova2019latent,
  title={Latent ordinary differential equations for irregularly-sampled time series},
  author={Rubanova, Yulia and Chen, Ricky TQ and Duvenaud, David},
  year={2019}
}

@article{jia2019neural,
  title={Neural jump stochastic differential equations},
  author={Jia, Junteng and Benson, Austin R},
  journal={arXiv preprint arXiv:1905.10403},
  year={2019}
}

@article{chen2018neural,
  title={Neural ordinary differential equations},
  author={Chen, Ricky TQ and Rubanova, Yulia and Bettencourt, Jesse and Duvenaud, David},
  journal={arXiv preprint arXiv:1806.07366},
  year={2018}
}

@article{look2020deterministic,
  title={Deterministic Inference of Neural Stochastic Differential Equations},
  author={Look, Andreas and Qiu, Chen and Rudolph, Maja and Peters, Jan and Kandemir, Melih},
  journal={arXiv preprint arXiv:2006.08973},
  year={2020}
}

@article{liu2019neural,
  title={Neural sde: Stabilizing neural ode networks with stochastic noise},
  author={Liu, Xuanqing and Si, Si and Cao, Qin and Kumar, Sanjiv and Hsieh, Cho-Jui},
  journal={arXiv preprint arXiv:1906.02355},
  year={2019}
}