%% This BibTeX bibliography file was created using BibDesk.
%% http://bibdesk.sourceforge.net/

%% Created for Sonja Petrovic at 2023-07-17 07:05:30 -0500 


%% Saved with string encoding Unicode (UTF-8) 



@article{tergms,
	author = {William K. Schwartz and Hemanshu Kaul and Sonja Petrovi\'c},
	date-added = {2023-07-17 07:04:43 -0500},
	date-modified = {2023-07-17 07:05:30 -0500},
	journal = {Scandinavian Journal of Statistics},
	pages = {https://doi.org/10.1111/sjos.12630 },
	title = {Longitudinal network models and permutation-uniform Markov chains},
	year = {2022}}

@book{KolaczykBook2017,
	author = {Kolaczyk, Eric D.},
	date-added = {2021-12-13 10:43:08 -0600},
	date-modified = {2021-12-13 10:43:08 -0600},
	publisher = {Cambridge University Press},
	title = {Topics at the Frontier of Statistics and Network Analysis: (Re)Visiting the Foundations},
	year = {2017}}

@book{kolaczyk-2020,
	author = {Eric D. Kolaczyk and G{\'a}bor Cs{\'a}rdi},
	date-added = {2021-12-13 10:40:33 -0600},
	date-modified = {2021-12-13 10:40:33 -0600},
	doi = {10.1007/978-3-030-44129-6},
	edition = {2},
	editor = {Robert Gentleman and Kurt Hornik and Giovanni Parmigiani},
	isbn = {978-3-030-44129-6},
	location = {Cham, Switzerland},
	number = {65},
	origdate = {2014},
	publisher = {Springer},
	series = {Use {R}!},
	title = {Statistical Analysis of Network Data with {R}},
	year = {2020},
	bdsk-url-1 = {https://doi.org/10.1007/978-3-030-44129-6}}

@article{JiJinAuthorsAOAS,
	author = {Pengsheng Ji and Jiashun Jin},
	date-added = {2019-11-26 03:44:10 +0000},
	date-modified = {2019-11-26 03:50:48 +0000},
	journal = {Annals of Applied Statistics},
	number = {4},
	pages = {1779--1812},
	title = {Coauthorship and citation networks for statisticians},
	volume = {10},
	year = {2016}}

@article{YanXuCLTbeta,
	author = {Ting Yan and Jinfeng Xu},
	date-added = {2019-05-07 16:16:26 +0000},
	date-modified = {2019-05-07 16:17:16 +0000},
	journal = {Biometrika},
	number = {2},
	pages = {519--524},
	title = {A central limit theorem in the $\beta$-model for undirected random graphs with a diverging number of vertices},
	volume = {100},
	year = {2019}}

@article{BreigerHLcommentJASA81,
	author = {Ronald L. Breiger},
	date-added = {2019-01-10 17:55:22 +0000},
	date-modified = {2019-01-10 17:55:56 +0000},
	journal = {Journal of the American Statistical Association},
	number = {373},
	pages = {51-53},
	title = {An Exponential Family of Probability Distributions for Directed Graphs: Comment},
	volume = {76},
	year = {1981}}

@article{ergm,
	author = {David R. Hunter and Mark S. Handcock and Carter T. Butts and Steven M. Goodreau and Martina Morris},
	date-added = {2018-09-07 18:02:16 +0000},
	date-modified = {2018-09-07 18:03:25 +0000},
	journal = {Journal of Statistical Software},
	number = {3},
	pages = {1--29},
	title = {ergm: A Package to Fit, Simulate and Diagnose Exponential-Family Models for Networks},
	volume = {24},
	year = {2008}}

@article{NowSniJASA01,
	author = {Nowicki, Krzysztof and Snijders, Tom A. B.},
	date-added = {2018-09-07 17:44:32 +0000},
	date-modified = {2018-09-07 17:46:07 +0000},
	journal = {Journal of the American Statistical Association},
	number = {455},
	pages = {1077-1087},
	title = {Estimation and Prediction for Stochastic Blockstructures},
	volume = {96},
	year = {2001}}

@unpublished{BanerjeeMa2017OptimalTests,
	author = {Banerjee, D. and Ma, Z.},
	date-added = {2018-07-11 08:56:43 +0000},
	date-modified = {2018-07-11 08:57:25 +0000},
	note = {Preprint, arXiv:1705.05305},
	title = {Optimal hypothesis testing for stochastic block models with growing degrees}}

@article{SteveAle:MLEloglin:AOS12,
	author = {Fienberg, Stephen E. and Rinaldo, Alessandro},
	date-added = {2018-03-13 18:27:35 +0000},
	date-modified = {2018-03-13 18:28:06 +0000},
	journal = {Annals of Statistics},
	pages = {996--1023},
	title = {Maximum likelihood estimation in log-linear models.},
	volume = {40},
	year = {2012}}

@article{Lei16,
	author = {Lei, Jing},
	date-added = {2018-03-13 18:23:49 +0000},
	date-modified = {2018-03-13 18:24:03 +0000},
	journal = {Annals of Statistics},
	title = {A Goodness-of-fit Test for Stochastic Block Models},
	year = {2016}}

@article{YJFL-InferenceDirectedNtwkCovariates-JASA,
	author = {Yan, Ting and Jiang, Binyan and Fienberg, Stephen E. and Leng, Chenlei},
	date-added = {2018-03-13 18:14:02 +0000},
	date-modified = {2019-08-12 10:39:37 -0500},
	journal = {Journal of the American Statistical Association},
	number = {526},
	pages = {857-868},
	title = {Statistical Inference in a Directed Network Model with Covariates},
	volume = {114},
	year = {2019}}

@article{ParkNewmanET05,
	author = {Park, J. and Newman, Mark E. J.},
	date-added = {2017-06-30 03:50:44 +0000},
	date-modified = {2017-06-30 03:51:10 +0000},
	journal = {Physical Review E},
	number = {3},
	pages = {026136},
	title = {Solution for the properties of a clustered network},
	volume = {72},
	year = {2005}}

@article{ParkNewmanET04,
	author = {Park, J. and Newman, Mark E. J.},
	date-added = {2017-06-30 03:49:47 +0000},
	date-modified = {2017-06-30 03:50:40 +0000},
	journal = {Physical Review E},
	number = {3},
	pages = {066146},
	title = {Solution of the two-star model of a network.},
	volume = {70},
	year = {2004}}

@article{Strauss,
	author = {Strauss, D.},
	date-added = {2017-06-30 03:48:36 +0000},
	date-modified = {2017-06-30 03:49:21 +0000},
	journal = {SIAM review},
	pages = {513-527},
	title = {On a general class of models for interaction},
	volume = {28},
	year = {1986}}

@article{Robins2007,
	author = {Robins, Garry and Pattison, Pip and Kalish, Yuval and Lusher, Dean},
	journal = {Social networks},
	number = {2},
	pages = {173--191},
	publisher = {Elsevier},
	title = {An introduction to exponential random graph (p*) models for social networks},
	volume = {29},
	year = {2007}}

@article{Anderson1999,
	author = {Anderson, Carolyn J and Wasserman, Stanley and Crouch, Bradley},
	journal = {Social networks},
	number = {1},
	pages = {37--66},
	publisher = {Elsevier},
	title = {A p* primer: Logit models for social networks},
	volume = {21},
	year = {1999}}

@book{Newman2010,
	author = {Newman, Mark},
	publisher = {Oxford university press},
	title = {Networks: an introduction},
	year = {2010}}

@article{Handcock2003,
	author = {Mark S. Handcock and Garry Robins and Tom Snijders and Jim Moody and Julian Besag},
	journal = {Journal of the American Statistical Association},
	pages = {33--50},
	title = {Assessing Degeneracy in Statistical Models of Social Networks},
	volume = {76},
	year = {2003}}

@article{Chatterjee2013,
	author = {Chatterjee, Sourav and Diaconis, Persi},
	date-modified = {2018-12-16 19:51:28 +0000},
	journal = {The Annals of Statistics},
	number = {5},
	pages = {2428--2461},
	publisher = {Institute of Mathematical Statistics},
	title = {Estimating and understanding exponential random graph models},
	volume = {41},
	year = {2013}}

@article{Shalizi2013,
	author = {Shalizi, Cosma Rohilla and Rinaldo, Alessandro},
	date-modified = {2019-01-10 17:27:57 +0000},
	journal = {Annals of Statistics},
	number = {2},
	pages = {508},
	publisher = {NIH Public Access},
	title = {Consistency under sampling of exponential random graph models},
	volume = {41},
	year = {2013}}

@article{Erdos2015,
	author = {Erd{\H{o}}s, P{\'e}ter L and Kiss, S{\'a}ndor Z and Mikl{\'o}s, Istv{\'a}n and Soukup, Lajos},
	journal = {PloS one},
	number = {7},
	pages = {e0131300},
	publisher = {Public Library of Science},
	title = {Approximate counting of graphical realizations},
	volume = {10},
	year = {2015}}

@article{Sampling2012,
	author = {Kim, Hyunju and Del Genio, Charo I and Bassler, Kevin E and Toroczkai, Zolt{\'a}n},
	journal = {New Journal of Physics},
	number = {2},
	pages = {023012},
	publisher = {IOP Publishing},
	title = {Constructing and sampling directed graphs with given degree sequences},
	volume = {14},
	year = {2012}}
