%%%  Romit: Machine learning references

@article{cadeddu2013atmospheric,
  title={The Atmospheric Radiation Measurement (ARM) program network of microwave radiometers: instrumentation, data, and retrievals.},
  author={Cadeddu, MP and Liljegren, JC and Turner, DD},
  journal={Atmospheric Measurement Techniques Discussions},
  volume={6},
  number={2},
  year={2013}
}

@article{shin2020graph,
  title={Graph-Based Modeling and Decomposition of Energy Infrastructures},
  author={Shin, Sungho and Coffrin, Carleton and Sundar, Kaarthik and Zavala, Victor M},
  journal={arXiv preprint arXiv:2010.02404},
  year={2020}
}

@article{ghate2019drizzle,
  title={Drizzle and turbulence below closed cellular marine stratocumulus clouds},
  author={Ghate, Virendra P and Cadeddu, Maria P},
  journal={Journal of Geophysical Research: Atmospheres},
  volume={124},
  number={11},
  pages={5724--5737},
  year={2019},
  publisher={Wiley Online Library}
}

@article{cadeddu2020ground,
  title={Ground-based observations of cloud and drizzle liquid water path in stratocumulus clouds.},
  author={Cadeddu, Maria P and Ghate, Virendra P and Mech, Mario},
  journal={Atmospheric Measurement Techniques},
  volume={13},
  number={3},
  year={2020}
}

@article{teshima2020coupling,
  title={Coupling-based Invertible Neural Networks Are Universal Diffeomorphism Approximators},
  author={Teshima, Takeshi and Ishikawa, Isao and Tojo, Koichi and Oono, Kenta and Ikeda, Masahiro and Sugiyama, Masashi},
  journal={arXiv preprint arXiv:2006.11469},
  year={2020}
}

@article{renganathan2020enhanced,
  title={Enhanced data efficiency using deep neural networks and Gaussian processes for aerodynamic design optimization},
  author={Renganathan, S Ashwin and Maulik, Romit and Ahuja, Jai},
  journal={arXiv preprint arXiv:2008.06731},
  year={2020}
}

@article{ma2020towards,
  title={Towards a Mathematical Understanding of Neural Network-Based Machine Learning: what we know and what we don't},
  author={Weinan E and Chao Ma and Stephan Wojtowytsch and Lei Wu},
  journal={arXiv preprint arXiv:2009.10713},
  year={2020}
}

@article{mnih2013playing,
  title={Playing atari with deep reinforcement learning},
  author={Mnih, Volodymyr and Kavukcuoglu, Koray and Silver, David and Graves, Alex and Antonoglou, Ioannis and Wierstra, Daan and Riedmiller, Martin},
  journal={arXiv preprint arXiv:1312.5602},
  year={2013}
}

@article{both2019temporal,
  title={Temporal Normalizing Flows},
  author={Both, Gert-Jan and Kusters, Remy},
  journal={arXiv preprint arXiv:1912.09092},
  year={2019}
}

@article{rezende2015variational,
  title={Variational inference with normalizing flows},
  author={Rezende, Danilo Jimenez and Mohamed, Shakir},
  journal={arXiv preprint arXiv:1505.05770},
  year={2015}
}


@inproceedings{kingma2016improved,
  title={Improved variational inference with inverse autoregressive flow},
  author={Kingma, Durk P and Salimans, Tim and Jozefowicz, Rafal and Chen, Xi and Sutskever, Ilya and Welling, Max},
  booktitle={Advances in neural information processing systems},
  pages={4743--4751},
  year={2016}
}

@article{kobyzev2020normalizing,
  title={Normalizing flows: An introduction and review of current methods},
  author={Kobyzev, Ivan and Prince, Simon and Brubaker, Marcus},
  journal={IEEE Transactions on Pattern Analysis and Machine Intelligence},
  year={2020},
  publisher={IEEE}
}

@inproceedings{papamakarios2017masked,
  title={Masked autoregressive flow for density estimation},
  author={Papamakarios, George and Pavlakou, Theo and Murray, Iain},
  booktitle={Advances in Neural Information Processing Systems},
  pages={2338--2347},
  year={2017}
}

@article{huang2018neural,
  title={Neural autoregressive flows},
  author={Huang, Chin-Wei and Krueger, David and Lacoste, Alexandre and Courville, Aaron},
  journal={arXiv preprint arXiv:1804.00779},
  year={2018}
}

@article{cybenko1989approximation,
  title={Approximation by superpositions of a sigmoidal function},
  author={Cybenko, George},
  journal={Mathematics of control, signals and systems},
  volume={2},
  number={4},
  pages={303--314},
  year={1989},
  publisher={Springer}
}

@article{barron1993universal,
  title={Universal approximation bounds for superpositions of a sigmoidal function},
  author={Barron, Andrew R},
  journal={IEEE Transactions on Information theory},
  volume={39},
  number={3},
  pages={930--945},
  year={1993},
  publisher={IEEE}
}

@article{papamakarios2019normalizing,
  title={Normalizing flows for probabilistic modeling and inference},
  author={Papamakarios, George and Nalisnick, Eric and Rezende, Danilo Jimenez and Mohamed, Shakir and Lakshminarayanan, Balaji},
  journal={arXiv preprint arXiv:1912.02762},
  year={2019}
}


@article{callaham2020nonlinear,
  title={Nonlinear stochastic modeling with Langevin regression},
  author={Callaham, Jared L and Loiseau, Jean-Christophe and Rigas, Georgios and Brunton, Steven L},
  journal={arXiv preprint arXiv:2009.01006},
  year={2020}
}

@article{tabak2013family,
  title={A family of nonparametric density estimation algorithms},
  author={Tabak, Esteban G and Turner, Cristina V},
  journal={Communications on Pure and Applied Mathematics},
  volume={66},
  number={2},
  pages={145--164},
  year={2013},
  publisher={Wiley Online Library}
}

@article{look2020deterministic,
  title={Deterministic Inference of Neural Stochastic Differential Equations},
  author={Look, Andreas and Qiu, Chen and Rudolph, Maja and Peters, Jan and Kandemir, Melih},
  journal={arXiv preprint arXiv:2006.08973},
  year={2020}
}

@article{tabak2010density,
  title={Density estimation by dual ascent of the log-likelihood},
  author={Tabak, Esteban G and Vanden-Eijnden, Eric},
  journal={Communications in Mathematical Sciences},
  volume={8},
  number={1},
  pages={217--233},
  year={2010},
  publisher={International Press of Boston}
}

@article{beck2019machine,
  title={Machine learning approximation algorithms for high-dimensional fully nonlinear partial differential equations and second-order backward stochastic differential equations},
  author={Beck, Christian and Weinan, E and Jentzen, Arnulf},
  journal={Journal of Nonlinear Science},
  volume={29},
  number={4},
  pages={1563--1619},
  year={2019},
  publisher={Springer}
}

@inproceedings{jia2019neural,
  title={Neural jump stochastic differential equations},
  author={Jia, Junteng and Benson, Austin R},
  booktitle={Advances in Neural Information Processing Systems},
  pages={9847--9858},
  year={2019}
}

@article{yang2020physics,
  title={Physics-informed generative adversarial networks for stochastic differential equations},
  author={Yang, Liu and Zhang, Dongkun and Karniadakis, George Em},
  journal={SIAM Journal on Scientific Computing},
  volume={42},
  number={1},
  pages={A292--A317},
  year={2020},
  publisher={SIAM}
}

@inproceedings{pereira2010learning,
  title={Learning networks of stochastic differential equations},
  author={Pereira, Jos{\'e} and Ibrahimi, Morteza and Montanari, Andrea},
  booktitle={Advances in Neural Information Processing Systems},
  pages={172--180},
  year={2010}
}

@article{tzen2019neural,
  title={Neural stochastic differential equations: Deep latent gaussian models in the diffusion limit},
  author={Tzen, Belinda and Raginsky, Maxim},
  journal={arXiv preprint arXiv:1905.09883},
  year={2019}
}

@article{raissi2018forward,
  title={Forward-backward stochastic neural networks: Deep learning of high-dimensional partial differential equations},
  author={Raissi, Maziar},
  journal={arXiv preprint arXiv:1804.07010},
  year={2018}
}

@article{weinan2017deep,
  title={Deep learning-based numerical methods for high-dimensional parabolic partial differential equations and backward stochastic differential equations},
  author={Weinan, E and Han, Jiequn and Jentzen, Arnulf},
  journal={Communications in Mathematics and Statistics},
  volume={5},
  number={4},
  pages={349--380},
  year={2017},
  publisher={Springer}
}
