%% This BibTeX bibliography file was created using BibDesk.
%% http://bibdesk.sourceforge.net/

%% Created for Sonja Petrovic at 2021-12-13 11:29:59 -0600 


%% Saved with string encoding Unicode (UTF-8) 



@book{book-BayesianModelSelection,
	author = {Ando, T.},
	date-added = {2021-12-13 11:29:04 -0600},
	date-modified = {2021-12-13 11:29:52 -0600},
	publisher = {CRC Press},
	title = {Bayesian Model Selection and Statistical Modeling},
	year = {2010}}

@article{bickel2013asymptotic,
	author = {Bickel, Peter and Choi, David and Chang, Xiangyu and Zhang, Hai},
	journal = {The Annals of Statistics},
	number = {4},
	pages = {1922--1943},
	publisher = {Institute of Mathematical Statistics},
	title = {Asymptotic normality of maximum likelihood and its variational approximation for stochastic blockmodels},
	volume = {41},
	year = {2013}}

@article{saeedi2017variational,
	author = {Saeedi, Ardavan and Kulkarni, Tejas D and Mansinghka, Vikash K and Gershman, Samuel J},
	journal = {The Journal of Machine Learning Research},
	number = {1},
	pages = {2328--2356},
	publisher = {JMLR. org},
	title = {Variational particle approximations},
	volume = {18},
	year = {2017}}

@article{chin2015stochastic,
	author = {Chin, Peter and Rao, Anup and Vu, Van},
	journal = {arXiv preprint arXiv:1501.05021},
	number = {4},
	title = {Stochastic block model and community detection in the sparse graphs: A spectral algorithm with optimal rate of recovery},
	volume = {2},
	year = {2015}}

@article{dicker2017flexible,
	author = {Dicker, Lee H and Erdogdu, Murat A},
	journal = {The Annals of Statistics},
	number = {1},
	pages = {386--414},
	publisher = {Institute of Mathematical Statistics},
	title = {Flexible results for quadratic forms with applications to variance components estimation},
	volume = {45},
	year = {2017}}

@article{lei2013consistency,
	author = {Lei, Jing and Rinaldo, Alessandro},
	journal = {arXiv preprint arxiv:1312.2050},
	title = {Consistency of spectral clustering in sparse stochastic block models},
	year = {2013}}

@book{chen2010normal,
	author = {Chen, Louis HY and Goldstein, Larry and Shao, Qi-Man},
	publisher = {Springer Science \& Business Media},
	title = {Normal approximation by Stein?s method},
	year = {2010}}

@article{diaconis1991closed,
	author = {Diaconis, Persi and Zabell, Sandy},
	journal = {Statistical Science},
	pages = {284--302},
	publisher = {JSTOR},
	title = {Closed form summation for classical distributions: variations on a theme of de Moivre},
	year = {1991}}

@phdthesis{luk1994stein,
	author = {Luk, Ho Ming},
	school = {University of Southern California},
	title = {Stein's method for the gamma distribution and related statistical applications},
	year = {1994}}

@article{hoeting1999bayesian,
	author = {Hoeting, Jennifer A and Madigan, David and Raftery, Adrian E and Volinsky, Chris T},
	journal = {Statistical science},
	pages = {382--401},
	publisher = {JSTOR},
	title = {Bayesian model averaging: a tutorial},
	year = {1999}}

@article{raftery1997bayesian,
	author = {Raftery, Adrian E and Madigan, David and Hoeting, Jennifer A},
	journal = {Journal of the American Statistical Association},
	number = {437},
	pages = {179--191},
	publisher = {Taylor \& Francis},
	title = {Bayesian model averaging for linear regression models},
	volume = {92},
	year = {1997}}

@inproceedings{massoulie2014community,
	author = {Massouli{\'e}, Laurent},
	booktitle = {Proceedings of the 46th Annual ACM Symposium on Theory of Computing},
	organization = {ACM},
	pages = {694--703},
	title = {Community detection thresholds and the weak Ramanujan property},
	year = {2014}}

@article{mossel2014consistency,
	author = {Mossel, Elchanan and Neeman, Joe and Sly, Allan},
	journal = {arXiv preprint arXiv:1407.1591},
	publisher = {Arxiv},
	title = {Consistency thresholds for binary symmetric block models},
	year = {2014}}

@article{mossel2012stochastic,
	author = {Mossel, Elchanan and Neeman, Joe and Sly, Allan},
	journal = {arXiv preprint arXiv:1202.1499},
	title = {Stochastic block models and reconstruction},
	year = {2012}}

@article{rohe2011spectral,
	author = {Rohe, Karl and Chatterjee, Sourav and Yu, Bin},
	journal = {The Annals of Statistics},
	pages = {1878--1915},
	publisher = {JSTOR},
	title = {Spectral clustering and the high-dimensional stochastic blockmodel},
	year = {2011}}

@article{zhang2015minimax,
	author = {Zhang, Anderson Y and Zhou, Harrison H},
	journal = {arXiv preprint arXiv:1507.05313},
	title = {Minimax rates of community detection in stochastic block models},
	year = {2015}}

@article{goldenberg2010survey,
	author = {Goldenberg, Anna and Zheng, Alice X and Fienberg, Stephen E and Airoldi, Edoardo M},
	journal = {Foundations and Trends{\textregistered} in Machine Learning},
	number = {2},
	pages = {129--233},
	publisher = {Now Publishers Inc.},
	title = {A survey of statistical network models},
	volume = {2},
	year = {2010}}

@article{Abbe2016,
	author = {Abbe, E and Bandeira A. S. and Hall G.},
	journal = {IEEE Transactions on Information Theory},
	number = {1},
	pages = {471--487},
	title = {Exact recovery in the stochastic block model},
	volume = {62},
	year = {2016}}

@article{Holland1983,
	author = {Holland, Paul W. and Laskey, Kathryn B. and Leinhardt, Samuel},
	journal = {Social Networks},
	number = {2},
	pages = {109--137},
	title = {{Stochastic blockmodels: First steps}},
	volume = {5},
	year = {1983}}

@article{Chao2015,
	archiveprefix = {arXiv},
	author = {{Gao}, C. and {Ma}, Z. and {Zhang}, A.~Y. and {Zhou}, H.~H.},
	eprint = {1505.03772},
	journal = {ArXiv e-prints},
	title = {{Achieving Optimal Misclassification Proportion in Stochastic Block Model}},
	year = {2016}}

@article{Abbe2015,
	archiveprefix = {arXiv},
	author = {{Abbe}, E. and {Sandon}, C.},
	eprint = {1503.00609},
	journal = {ArXiv e-prints},
	title = {{Community detection in general stochastic block models: fundamental limits and efficient recovery algorithms}},
	year = {2015}}

@article{Yang2016,
	author = {Yang, Y. and Wainwright, M. J. and Jordan, M. I.},
	journal = {The Annals of Statistics, to appear},
	title = {On the Computational Complexity of High-Dimensional {B}ayesian Variable Selection},
	year = {2016+}}

@article{yang2015minimax,
	author = {Yang, Y. and Tokdar, S. T.},
	journal = {The Annals of Statistics},
	number = {2},
	pages = {652--674},
	publisher = {Institute of Mathematical Statistics},
	title = {Minimax-optimal nonparametric regression in high dimensions},
	volume = {43},
	year = {2015}}

@article{yang2015bayesian,
	author = {Yang, Y. and Dunson, D. B.},
	journal = {Journal of the American Statistical Association},
	number = {just-accepted},
	pages = {00--00},
	publisher = {Taylor \& Francis},
	title = {Bayesian conditional tensor factorizations for high-dimensional classification},
	year = {2015}}

@article{yang2016bayesian,
	author = {Yang, Y. and Dunson, D. B.},
	journal = {The Annals of Statistics},
	number = {2},
	pages = {876--905},
	publisher = {Institute of Mathematical Statistics},
	title = {Bayesian manifold regression},
	volume = {44},
	year = {2016}}

@article{armagan2011generalized,
	author = {Armagan, A. and Dunson, D. B. and Lee, J.},
	journal = {Statistica Sinica},
	number = {1},
	pages = {119},
	publisher = {NIH Public Access},
	title = {Generalized double {P}areto shrinkage},
	volume = {23},
	year = {2013}}

@article{choi2013polya,
	author = {Choi, Hee Min and Hobert, James P},
	journal = {Electronic Journal of Statistics},
	pages = {2054--2064},
	publisher = {The Institute of Mathematical Statistics and the Bernoulli Society},
	title = {{The Polya-Gamma Gibbs sampler for Bayesian logistic regression is uniformly ergodic}},
	volume = {7},
	year = {2013}}

@article{garyfallidis2014dipy,
	author = {Garyfallidis, Eleftherios and Brett, Matthew and Amirbekian, Bagrat and Rokem, Ariel and Van Der Walt, Stefan and Descoteaux, Maxime and Nimmo-Smith, Ian},
	journal = {Frontiers in neuroinformatics},
	pages = {8},
	publisher = {Frontiers},
	title = {Dipy, a library for the analysis of diffusion MRI data},
	volume = {8},
	year = {2014}}

@article{van2015comparison,
	author = {van den Heuvel, Martijn P and de Reus, Marcel A and Feldman Barrett, Lisa and Scholtens, Lianne H and Coopmans, Fraukje MT and Schmidt, Ruben and Preuss, Todd M and Rilling, James K and Li, Longchuan},
	journal = {Human brain mapping},
	number = {8},
	pages = {3064--3075},
	publisher = {Wiley Online Library},
	title = {Comparison of diffusion tractography and tract-tracing measures of connectivity strength in rhesus macaque connectome},
	volume = {36},
	year = {2015}}

@article{li2012independent,
	author = {Li, Yi-Ou and Yang, Fanpei G and Nguyen, Christopher T and Cooper, Shelly R and LaHue, Sara C and Venugopal, Sandya and Mukherjee, Pratik},
	journal = {Human brain mapping},
	number = {6},
	pages = {1431--1451},
	publisher = {Wiley Online Library},
	title = {Independent component analysis of DTI reveals multivariate microstructural correlations of white matter in the human brain},
	volume = {33},
	year = {2012}}

@article{jones2013white,
	author = {Jones, Derek K and Kn{\"o}sche, Thomas R and Turner, Robert},
	journal = {Neuroimage},
	pages = {239--254},
	publisher = {Elsevier},
	title = {White matter integrity, fiber count, and other fallacies: the do's and don'ts of diffusion MRI},
	volume = {73},
	year = {2013}}

@inproceedings{girard2015structural,
	author = {Girard, Gabriel and Whittingstall, Kevin and Deriche, Rachid and Descoteaux, Maxime},
	booktitle = {Organization for Human Brain Mapping},
	title = {Structural connectivity reproducibility through multiple acquisitions},
	year = {2015}}

@article{prasad2015differential,
	author = {Prasad, Konasale M and Upton, Catherine H and Nimgaonkar, Vishwajit L and Keshavan, Matcheri S},
	journal = {Schizophrenia research},
	number = {1},
	pages = {119--125},
	publisher = {Elsevier},
	title = {Differential susceptibility of white matter tracts to inflammatory mediators in schizophrenia: An integrated DTI study},
	volume = {161},
	year = {2015}}

@article{prasad2014automatic,
	author = {Prasad, Gautam and Joshi, Shantanu H and Jahanshad, Neda and Villalon-Reina, Julio and Aganj, Iman and Lenglet, Christophe and Sapiro, Guillermo and McMahon, Katie L and de Zubicaray, Greig I and Martin, Nicholas G and Wright M. J. and Toga A. W. and Thompson P. M.},
	journal = {Neuroimage},
	pages = {284--295},
	publisher = {Elsevier},
	title = {Automatic clustering and population analysis of white matter tracts using maximum density paths},
	volume = {97},
	year = {2014}}

@article{allman2009identifiability,
	author = {Allman, Elizabeth S and Matias, Catherine and Rhodes, John A},
	journal = {The Annals of Statistics},
	pages = {3099--3132},
	publisher = {JSTOR},
	title = {Identifiability of parameters in latent structure models with many observed variables},
	year = {2009}}

@article{celisse2012consistency,
	author = {Celisse, Alain and Daudin, Jean-Jacques and Pierre, Laurent},
	journal = {Electronic Journal of Statistics},
	pages = {1847--1899},
	publisher = {The Institute of Mathematical Statistics and the Bernoulli Society},
	title = {Consistency of maximum-likelihood and variational estimators in the stochastic block model},
	volume = {6},
	year = {2012}}

@article{mariadassou2015convergence,
	author = {Mariadassou, Mahendra and Matias, Catherine},
	journal = {Bernoulli},
	number = {1},
	pages = {537--573},
	publisher = {Bernoulli Society for Mathematical Statistics and Probability},
	title = {Convergence of the groups posterior distribution in latent or stochastic block models},
	volume = {21},
	year = {2015}}

@article{gao2015general,
	author = {Gao, Chao and van der Vaart, Aad W and Zhou, Harrison H},
	journal = {arXiv preprint arXiv:1506.02174},
	title = {A General Framework for Bayes Structured Linear Models},
	year = {2015}}

@article{chatterjee2016nonlinear,
	author = {Chatterjee, Sourav and Dembo, Amir},
	journal = {Advances in Mathematics},
	pages = {396--450},
	publisher = {Elsevier},
	title = {Nonlinear large deviations},
	volume = {299},
	year = {2016}}

@article{hartigan1990partition,
	author = {Hartigan, John A},
	journal = {Communications in statistics-Theory and methods},
	number = {8},
	pages = {2745--2756},
	publisher = {Taylor \& Francis},
	title = {Partition models},
	volume = {19},
	year = {1990}}

@article{barry1992product,
	author = {Barry, Daniel and Hartigan, John A},
	journal = {The Annals of Statistics},
	pages = {260--279},
	publisher = {JSTOR},
	title = {Product partition models for change point problems},
	year = {1992}}

@article{craddock2013imaging,
	author = {Craddock, R Cameron and Jbabdi, Saad and Yan, Chao-Gan and Vogelstein, Joshua T and Castellanos, F Xavier and Di Martino, Adriana and Kelly, Clare and Heberlein, Keith and Colcombe, Stan and Milham, Michael P},
	journal = {Nature methods},
	number = {6},
	pages = {524--539},
	publisher = {Nature Publishing Group},
	title = {Imaging human connectomes at the macroscale},
	volume = {10},
	year = {2013}}

@article{girard2014towards,
	author = {Girard, Gabriel and Whittingstall, Kevin and Deriche, Rachid and Descoteaux, Maxime},
	journal = {Neuroimage},
	pages = {266--278},
	publisher = {Elsevier},
	title = {Towards quantitative connectivity analysis: reducing tractography biases},
	volume = {98},
	year = {2014}}

@article{mori2006principles,
	author = {Mori, Susumu and Zhang, Jiangyang},
	journal = {Neuron},
	number = {5},
	pages = {527--539},
	publisher = {Elsevier},
	title = {Principles of diffusion tensor imaging and its applications to basic neuroscience research},
	volume = {51},
	year = {2006}}

@article{li2015variable,
	author = {Li, H. and Pati, D.},
	journal = {Computational Statistics and Data Analysis (to appear)},
	title = {Variable Selection Using Shrinkage Priors},
	year = {2016}}

@article{bhattacharya2016sub,
	author = {Bhattacharya, A. and Dunson, D. B. and Pati, D. and Pillai, N. S.},
	journal = {arXiv preprint arXiv:1605.05671},
	title = {Sub-optimality of some continuous shrinkage priors},
	year = {2016}}

@article{diaconis1986consistency,
	author = {Diaconis, P. and Freedman, D.},
	journal = {The Annals of Statistics},
	pages = {1--26},
	publisher = {JSTOR},
	title = {On the consistency of Bayes estimates},
	year = {1986}}

@book{agresti2002categorical,
	author = {Agresti, A.},
	publisher = {John Wiley \& Sons},
	title = {Categorical data analysis},
	year = {2014}}

@article{pati2015optimal,
	author = {Pati, Debdeep and Bhattacharya, Anirban},
	journal = {arXiv preprint arXiv:1505.06794},
	title = {Optimal Bayesian estimation in stochastic block models},
	year = {2015}}

@article{tibshirani1996regression,
	author = {Tibshirani, R.},
	journal = {Journal of the Royal Statistical Society. Series B (Methodological)},
	pages = {267--288},
	publisher = {JSTOR},
	title = {Regression shrinkage and selection via the lasso},
	year = {1996}}

@article{efron2004least,
	author = {Efron, B. and Hastie, T. and Johnstone, I. and Tibshirani, R.},
	journal = {The Annals of statistics},
	number = {2},
	pages = {407--499},
	publisher = {Institute of Mathematical Statistics},
	title = {Least angle regression},
	volume = {32},
	year = {2004}}

@article{fan2001SCAD,
	author = {Jianqing F. and Runze L.},
	doi = {10.1198/016214501753382273},
	eprint = {http://dx.doi.org/10.1198/016214501753382273},
	journal = {JASA},
	number = {456},
	pages = {1348-1360},
	title = {Variable Selection via Nonconcave Penalized Likelihood and its Oracle Properties},
	volume = {96},
	year = {2001},
	bdsk-url-1 = {https://doi.org/10.1198/016214501753382273}}

@article{Zou05regularizationand,
	author = {Zou, H. and Hastie, T.},
	journal = {Journal of the Royal Statistical Society, Series B},
	pages = {301--320},
	title = {Regularization and variable selection via the Elastic Net},
	volume = {67},
	year = {2005}}

@article{zou2006adap,
	author = {Zou, H.},
	doi = {10.1198/016214506000000735},
	eprint = {http://dx.doi.org/10.1198/016214506000000735},
	journal = {Journal of the American Statistical Association},
	number = {476},
	pages = {1418-1429},
	title = {The Adaptive Lasso and Its Oracle Properties},
	volume = {101},
	year = {2006},
	bdsk-url-1 = {https://doi.org/10.1198/016214506000000735}}

@article{zhang2010nearly,
	author = {Zhang, C-H.},
	journal = {The Annals of Statistics},
	pages = {894--942},
	publisher = {JSTOR},
	title = {Nearly unbiased variable selection under minimax concave penalty},
	year = {2010}}

@article{mitchell1988bayesian,
	author = {Mitchell, T. J. and Beauchamp, J. J.},
	journal = {Journal of the American Statistical Association},
	number = {404},
	pages = {1023--1032},
	publisher = {Taylor \& Francis},
	title = {Bayesian variable selection in linear regression},
	volume = {83},
	year = {1988}}

@article{ghosal2000convergence,
	author = {Ghosal, S. and Ghosh, J. K. and van der Vaart, A. W.},
	journal = {Annals of Statistics},
	pages = {500--531},
	publisher = {JSTOR},
	title = {Convergence rates of posterior distributions},
	year = {2000}}

@article{BarronSchervishWasserman:99,
	author = {Barron, A. and Schervish, M. J. and Wasserman, L.},
	copyright = {Copyright � 1999 Institute of Mathematical Statistics},
	issn = {00905364},
	journal = {The Annals of Statistics},
	jstor_articletype = {research-article},
	jstor_formatteddate = {Apr., 1999},
	number = {2},
	owner = {norets},
	pages = {536-561},
	publisher = {Institute of Mathematical Statistics},
	timestamp = {2012.08.13},
	title = {The Consistency of Posterior Distributions in Nonparametric Problems},
	url = {http://www.jstor.org/stable/120103},
	volume = {27},
	year = {1999},
	bdsk-url-1 = {http://www.jstor.org/stable/120103}}

@article{GhosalGhoshRamamoorthi:99,
	author = {Ghosal, S. and Ghosh, J. K. and Ramamoorthi, R. V.},
	copyright = {Copyright � 1999 Institute of Mathematical Statistics},
	issn = {00905364},
	journal = {The Annals of Statistics},
	jstor_articletype = {research-article},
	jstor_formatteddate = {Feb., 1999},
	number = {1},
	owner = {norets},
	pages = {143-158},
	publisher = {Institute of Mathematical Statistics},
	timestamp = {2012.08.13},
	title = {{Posterior consistency of Dirichlet mixtures in density estimation}},
	url = {http://www.jstor.org/stable/120122},
	volume = {27},
	year = {1999},
	bdsk-url-1 = {http://www.jstor.org/stable/120122}}

@article{GhosalVaart:01,
	author = {Ghosal, S. and van der Vaart, A. W.},
	journal = {The Annals of Statistics},
	language = {English},
	number = {5},
	owner = {norets},
	pages = {1233-1263},
	timestamp = {2012.08.13},
	title = {Entropies and rates of convergence for maximum likelihood and Bayes estimation for mixtures of normal densities},
	volume = {29},
	year = {2001}}

@article{GhosalGhoshVaart:2000,
	author = {Ghosal, S. and Ghosh, J. K. and van der Vaart, A. W.},
	copyright = {Copyright � 2000 Institute of Mathematical Statistics},
	issn = {00905364},
	journal = {The Annals of Statistics},
	jstor_articletype = {research-article},
	jstor_formatteddate = {Apr., 2000},
	number = {2},
	owner = {norets},
	pages = {500-531},
	publisher = {Institute of Mathematical Statistics},
	timestamp = {2012.08.13},
	title = {Convergence Rates of Posterior Distributions},
	url = {http://www.jstor.org/stable/2674039},
	volume = {28},
	year = {2000},
	bdsk-url-1 = {http://www.jstor.org/stable/2674039}}

@article{GhosalVandervaart:07,
	author = {Ghosal, S. and van der Vaart, A. W.},
	fjournal = {The Annals of Statistics},
	journal = {The Annals of Statistics},
	number = {2},
	owner = {norets},
	pages = {697--723},
	timestamp = {2012.08.13},
	title = {{Posterior convergence rates of Dirichlet mixtures at smooth densities}},
	volume = {35},
	year = {2007}}

@article{Huang:04,
	author = {Huang, T-M.},
	coden = {ASTSC7},
	doi = {10.1214/009053604000000490},
	fjournal = {The Annals of Statistics},
	issn = {0090-5364},
	journal = {Ann. Statist.},
	mrclass = {62G20 (62G07)},
	mrnumber = {2089134 (2006m:62050)},
	mrreviewer = {Claudia Angelini},
	number = {4},
	pages = {1556--1593},
	title = {Convergence rates for posterior distributions and adaptive estimation},
	url = {http://dx.doi.org/10.1214/009053604000000490},
	volume = {32},
	year = {2004},
	bdsk-url-1 = {http://dx.doi.org/10.1214/009053604000000490}}

@article{ghosal2008nonparametric,
	author = {Ghosal, S. and Lember, J. and van der Vaart, A. W.},
	journal = {Electronic Journal of Statistics},
	pages = {63--89},
	publisher = {The Institute of Mathematical Statistics and the Bernoulli Society},
	title = {{Nonparametric Bayesian model selection and averaging}},
	volume = {2},
	year = {2008}}

@article{Scricciolo:06,
	author = {Scricciolo, C.},
	journal = {Annals of Statatistics},
	number = {6},
	owner = {norets},
	pages = {2897-2920},
	timestamp = {2012.08.13},
	title = {{Convergence rates for Bayesian density estimation of infinite-dimensional exponential families.}},
	volume = {34},
	year = {2006}}

@article{VaartZanten:09,
	author = {van der Vaart, A. W. and van Zanten, J. H.},
	coden = {ASTSC7},
	doi = {10.1214/08-AOS678},
	fjournal = {The Annals of Statistics},
	issn = {0090-5364},
	journal = {The Annals of Statistics},
	mrclass = {62G05 (62C10 62G20)},
	mrnumber = {2541442 (2010j:62105)},
	mrreviewer = {Carla R. Henriques},
	number = {5B},
	pages = {2655--2675},
	title = {Adaptive {B}ayesian estimation using a {G}aussian random field with inverse gamma bandwidth},
	url = {http://dx.doi.org/10.1214/08-AOS678},
	volume = {37},
	year = {2009},
	bdsk-url-1 = {http://dx.doi.org/10.1214/08-AOS678}}

@article{Rousseau:10,
	author = {Rousseau, J.},
	coden = {ASTSC7},
	doi = {10.1214/09-AOS703},
	fjournal = {The Annals of Statistics},
	issn = {0090-5364},
	journal = {The Annals of Statistics},
	mrclass = {62G07 (62G20)},
	mrnumber = {MR2589319},
	number = {1},
	owner = {norets},
	pages = {146--180},
	timestamp = {2012.08.13},
	title = {Rates of convergence for the posterior distributions of mixtures of betas and adaptive nonparametric estimation of the density},
	url = {http://dx.doi.org/10.1214/09-AOS703},
	volume = {38},
	year = {2010},
	bdsk-url-1 = {http://dx.doi.org/10.1214/09-AOS703}}

@article{ShenTokdarGhosal2013,
	author = {Shen, W. and Tokdar, S. T. and Ghosal, S.},
	journal = {Biometrika},
	number = {3},
	pages = {623--640},
	publisher = {Oxford University Press},
	title = {{Adaptive Bayesian multivariate density estimation with Dirichlet mixtures}},
	volume = {100},
	year = {2013}}

@article{KruijerRousseauVaart:09,
	author = {Kruijer, W. and Rousseau, J. and van der Vaart, A. W.},
	doi = {10.1214/10-EJS584},
	issn = {1935-7524},
	journal = {Electronic Journal of Statistics},
	mrclass = {62G07 (62F15 62G20)},
	mrnumber = {2735885 (2011k:62102)},
	mrreviewer = {Zden{\v{e}}k Hl{\'a}vka},
	owner = {norets},
	pages = {1225--1257},
	timestamp = {2012.08.13},
	title = {Adaptive {B}ayesian density estimation with location-scale mixtures},
	url = {http://dx.doi.org/10.1214/10-EJS584},
	volume = {4},
	year = {2010},
	bdsk-url-1 = {http://dx.doi.org/10.1214/10-EJS584}}

@article{shen2016adaptive,
	author = {Shen, W. and Ghosal, S.},
	journal = {Bernoulli},
	number = {1},
	pages = {396--420},
	publisher = {Bernoulli Society for Mathematical Statistics and Probability},
	title = {{Adaptive Bayesian density regression for high-dimensional data}},
	volume = {22},
	year = {2016}}

@book{bartholomew1987latent,
	author = {Bartholomew, D.J.},
	publisher = {Oxford University Press, New York},
	title = {{Latent Variable Models and Factor Analysis}},
	year = {1987}}

@article{belitser2003adaptive,
	author = {Belitser, E. and Ghosal, S.},
	journal = {The Annals of Statistics},
	number = {2},
	pages = {536--559},
	publisher = {Institute of Mathematical Statistics},
	title = {Adaptive {B}ayesian inference on the mean of an infinite-dimensional normal distribution},
	volume = {31},
	year = {2003}}

@article{berger1996intrinsic,
	author = {Berger, J.O. and Pericchi, L.R.},
	journal = {Journal of the {A}merican Statistical Association},
	number = {433},
	pages = {109--122},
	publisher = {Taylor \& Francis},
	title = {The intrinsic {B}ayes factor for model selection and prediction},
	volume = {91},
	year = {1996}}

@article{bhattacharya2011sparse,
	author = {Bhattacharya, A. and Dunson, D. B.},
	journal = {Biometrika},
	number = {2},
	pages = {291--306},
	publisher = {Biometrika Trust},
	title = {Sparse {B}ayesian infinite factor models},
	volume = {98},
	year = {2011}}

@article{anirban2012,
	author = {Bhattacharya, A. and Dunson, D. B.},
	journal = {Journal of the {A}merican Statistical Association},
	pages = {362-377},
	title = {Simplex factor models for multivariate unordered categorical data},
	volume = {107},
	year = {2012}}

@article{bhattacharya2011anisotropic,
	author = {Bhattacharya, A. and Pati, D. and Dunson, D. B.},
	journal = {The Annals of Statistics},
	number = {1},
	pages = {352--381},
	publisher = {Institute of Mathematical Statistics},
	title = {Anisotropic function estimation using multi-bandwidth {G}aussian processes},
	volume = {42},
	year = {2014}}

@article{bhattacharya2013bayesian,
	author = {Bhattacharya, A. and Pati, D. and Pillai, N. S. and Dunson, D. B.},
	journal = {arXiv preprint arXiv:1212.6088},
	title = {{B}ayesian shrinkage},
	year = {2013}}

@article{haberman1988warning,
	author = {Haberman, S. J.},
	journal = {Journal of the American Statistical Association},
	number = {402},
	pages = {555--560},
	publisher = {Taylor \& Francis Group},
	title = {A warning on the use of chi-squared statistics with frequency tables with small expected cell counts},
	volume = {83},
	year = {1988}}

@article{carnegie2015approximation,
	author = {Carnegie, N. B. and Krivitsky, P. N. and Hunter, D. R. and Goodreau, S. M.},
	journal = {Journal of Computational and Graphical Statistics},
	number = {2},
	pages = {502--519},
	publisher = {Taylor \& Francis},
	title = {An approximation method for improving dynamic network model fitting},
	volume = {24},
	year = {2015}}

@article{fienberg2007maximum,
	author = {Fienberg, S. E. and Hersh, P. and Rinaldo, A. and Zhou, Y.},
	journal = {arXiv preprint arXiv:0709.3535},
	title = {Maximum likelihood estimation in latent class models for contingency table data},
	year = {2007}}

@article{mangravite2013statin,
	author = {Mangravite, L. M. and Engelhardt, B. E. and Medina, M. W. and Smith, J. D. and Brown, C. D. and Chasman, D. I. and Mecham, B. H. and Howie, B. and Shim, H. and Naidoo, D. and Feng, Q. and Rieder, M. J. and Chen, Y. D. and Rotter, J. I. and Ridker, P. M. and Hopewell, J. C. and Parish, S. and Armitage, J. and Collins, R. and Wilke, R. A. and Nickerson, D. A. and Stephens, M. and Krauss, R. M.},
	journal = {Nature},
	number = {7471},
	pages = {377--380},
	publisher = {Nature Publishing Group},
	title = {A statin-dependent QTL for GATM expression is associated with statin-induced myopathy},
	volume = {502},
	year = {2013}}

@article{petrovic2015survey,
	author = {Petrovi{\'c}, S.},
	journal = {arXiv preprint arXiv:1510.02838},
	title = {A survey of discrete methods in (algebraic) statistics for networks},
	year = {2015}}

@article{hunter2012goodness,
	author = {Hunter, D. R. and Goodreau, S. M. and Handcock, M. S.},
	journal = {Journal of the American Statistical Association},
	publisher = {Taylor \& Francis},
	title = {Goodness of fit of social network models},
	year = {2012}}

@article{bhattacharya2014dirichlet,
	author = {Bhattacharya, A. and Pati, D. and Pillai, N.S. and Dunson, D. B.},
	journal = {Journal of the {A}merican Statistical Association, to appear},
	title = {Dirichlet-Laplace priors for optimal shrinkage},
	year = {2014}}

@article{bickel2008regularized,
	author = {Bickel, P.J. and Levina, E.},
	journal = {The Annals of Statistics},
	number = {1},
	pages = {199--227},
	publisher = {Institute of Mathematical Statistics},
	title = {Regularized estimation of large covariance matrices},
	volume = {36},
	year = {2008}}

@article{Bickel08,
	author = {Bickel, P. J. and Levina, E.},
	journal = {The Annals of Statistics},
	number = {6},
	pages = {2577--2604},
	title = {Covariance regularization by thresholding},
	volume = {36},
	year = {2008}}

@article{bondell2012consistent,
	author = {Bondell, H.D. and Reich, B.J.},
	journal = {Journal of the {A}merican Statistical Association},
	number = {500},
	pages = {1610--1624},
	publisher = {Taylor \& Francis Group},
	title = {Consistent high-dimensional {B}ayesian variable selection via penalized credible regions},
	volume = {107},
	year = {2012}}

@article{bro1997,
	author = {Bro, R.},
	journal = {Chemometrics and Intelligent Laboratory Systems},
	pages = {149-171},
	title = {{PARAFAC}. {T}utorial and applications},
	volume = {38},
	year = {1997}}

@article{brown1998multivariate,
	author = {Brown, P.J. and Vannucci, M. and Fearn, T.},
	journal = {Journal of the Royal Statistical Society: Series B (Statistical Methodology)},
	number = {3},
	pages = {627--641},
	publisher = {Wiley Online Library},
	title = {Multivariate {B}ayesian variable selection and prediction},
	volume = {60},
	year = {1998}}

@book{buhlmann2011statistics,
	author = {B{\"u}hlmann, P.L. and van de Geer, S.A.},
	publisher = {Springer},
	title = {Statistics for high-dimensional data},
	year = {2011}}

@article{bunea2012sample,
	author = {Bunea, F. and Xiao, L.},
	journal = {arXiv preprint arXiv:1212.5321},
	title = {On the sample covariance matrix estimator of reduced effective rank population matrices, with applications to f{PCA}},
	year = {2012}}

@article{cai2010optimal,
	author = {Cai, T.T. and Zhang, C.H. and Zhou, H.H.},
	journal = {The Annals of Statistics},
	number = {4},
	pages = {2118--2144},
	publisher = {Institute of Mathematical Statistics},
	title = {Optimal rates of convergence for covariance matrix estimation},
	volume = {38},
	year = {2010}}

@article{cai2011adaptive,
	author = {Cai, T. and Liu, W.},
	journal = {Journal of the {A}merican Statistical Association},
	number = {494},
	pages = {672--684},
	title = {Adaptive thresholding for sparse covariance matrix estimation},
	volume = {106},
	year = {2011}}

@article{cai2012optimal,
	author = {Cai, T.T. and Zhou, H.H.},
	journal = {The Annals of Statistics},
	number = {5},
	pages = {2389--2420},
	publisher = {Institute of Mathematical Statistics},
	title = {Optimal rates of convergence for sparse covariance matrix estimation},
	volume = {40},
	year = {2012}}

@article{candesrecht2009,
	author = {Candes, E. and Recht, B.},
	journal = {Foundations of Computational Mathematics},
	pages = {717-772},
	title = {Exact matrix completion via convex optimization},
	volume = {9},
	year = {2009}}

@article{Carvalho08,
	author = {Carvalho, C., and Lucas, J., and Wang, Q., and Nevins, J., and West, M.},
	journal = {Journal of the {A}merican Statistical Association},
	pages = {1438--1456},
	title = {{High-dimensional {S}parse {F}actor {M}odelling: {A}pplications in {G}ene {E}xpression {G}enomics}},
	volume = {103},
	year = {2008}}

@inproceedings{carvalho2009handling,
	author = {Carvalho, C. M. and Polson, N. G. and Scott, J. G.},
	booktitle = {International Conference on Artificial Intelligence and Statistics},
	pages = {73--80},
	title = {Handling sparsity via the horseshoe},
	year = {2009}}

@article{carvalho2010horseshoe,
	author = {Carvalho, C. M. and Polson, N. G. and Scott, J. G.},
	journal = {Biometrika},
	number = {2},
	pages = {465--480},
	publisher = {Biometrika Trust},
	title = {The horseshoe estimator for sparse signals},
	volume = {97},
	year = {2010}}

@article{castilloneedles,
	author = {Castillo, I. and van der Vaart, A.},
	journal = {The Annals of Statistics},
	number = {4},
	pages = {2069--2101},
	publisher = {Institute of Mathematical Statistics},
	title = {Needles and Straw in a Haystack: Posterior concentration for possibly sparse sequences},
	volume = {40},
	year = {2012}}

@article{chartrand2012,
	author = {Chartrand, R.},
	journal = {IEEE Transactions on Signal Processing},
	pages = {5810-5819},
	title = {Nonconvex splitting for regularized low-rank plus sparse decomposition},
	volume = {60},
	year = {2012}}

@article{chib1995understanding,
	author = {Chib, S. and Greenberg, E.},
	journal = {The {A}merican Statistician},
	number = {4},
	pages = {327--335},
	publisher = {Taylor \& Francis Group},
	title = {Understanding the {M}etropolis-{H}astings algorithm},
	volume = {49},
	year = {1995}}

@article{clyde2011bayesian,
	author = {Clyde, M.A. and Ghosh, J. and Littman, M.L.},
	journal = {Journal of Computational and Graphical Statistics},
	number = {1},
	title = {{B}ayesian adaptive sampling for variable selection and model averaging},
	volume = {20},
	year = {2011}}

@article{donoho1992maximum,
	author = {Donoho, D.L. and Johnstone, I.M. and Hoch, J.C. and Stern, A.S.},
	journal = {Journal of the Royal Statistical Society. Series B (Methodological)},
	pages = {41--81},
	publisher = {JSTOR},
	title = {Maximum entropy and the nearly black object},
	year = {1992}}

@article{dunsonxing08,
	author = {Dunson, D. B. and Xing, C.},
	journal = {Journal of the {A}merican Statistical Association},
	number = {487},
	pages = {1042--1051},
	title = {{Nonparametric {B}ayes Modeling of Multivariate Categorical Data}},
	volume = {104},
	year = {2009}}

@article{el2008operator,
	author = {El Karoui, N.},
	journal = {The Annals of Statistics},
	number = {6},
	pages = {2717--2756},
	publisher = {Institute of Mathematical Statistics},
	title = {Operator norm consistent estimation of large-dimensional sparse covariance matrices},
	volume = {36},
	year = {2008}}

@article{fan2008high,
	author = {Fan, J. and Fan, Y. and Lv, J.},
	journal = {Journal of Econometrics},
	number = {1},
	pages = {186--197},
	publisher = {Elsevier},
	title = {High dimensional covariance matrix estimation using a factor model},
	volume = {147},
	year = {2008}}

@article{fan2011high,
	author = {Fan, J. and Liao, Y. and Mincheva, M.},
	journal = {Annals of statistics},
	number = {6},
	pages = {3320},
	publisher = {NIH Public Access},
	title = {High dimensional covariance matrix estimation in approximate factor models},
	volume = {39},
	year = {2011}}

@article{fan2010selective,
	author = {Fan, J. and Lv, J.},
	journal = {Statistica Sinica},
	number = {1},
	pages = {101},
	publisher = {NIH Public Access},
	title = {A selective overview of variable selection in high dimensional feature space},
	volume = {20},
	year = {2010}}

@article{fienberg2007three,
	author = {Fienberg, S. E. and Rinaldo, A.},
	journal = {Journal of Statistical Planning and Inference},
	number = {11},
	pages = {3430--3445},
	title = {{Three centuries of categorical data analysis: Log-linear models and maximum likelihood estimation}},
	volume = {137},
	year = {2007}}

@article{friedlander2005,
	author = {Friedlander, M. P. and Hatz, K.},
	journal = {Optimization Methods and Software},
	pages = {631-647},
	title = {Computing non-negative tensor factorizations},
	volume = {23},
	year = {2005}}

@article{gelfand1990sampling,
	author = {Gelfand, A. E. and Smith, A.F.M.},
	journal = {Journal of the {A}merican statistical association},
	number = {410},
	pages = {398--409},
	publisher = {Taylor \& Francis Group},
	title = {Sampling-based approaches to calculating marginal densities},
	volume = {85},
	year = {1990}}

@article{george1993variable,
	author = {George, E. I. and McCulloch, R. E.},
	journal = {Journal of the {A}merican Statistical Association},
	number = {423},
	pages = {881--889},
	publisher = {Taylor \& Francis Group},
	title = {Variable selection via {G}ibbs sampling},
	volume = {88},
	year = {1993}}

@article{george1997approaches,
	author = {George, E. I. and McCulloch, R. E.},
	journal = {Statistica sinica},
	number = {2},
	pages = {339--373},
	publisher = {C/O DR HC HO, INST STATISTICAL SCIENCE, ACADEMIA SINICA, TAIPEI 115, TAIWAN},
	title = {Approaches for {B}ayesian variable selection},
	volume = {7},
	year = {1997}}

@article{ghosal2000as,
	author = {Ghosal, S.},
	journal = {Journal of Multivariate Analysis},
	number = {1},
	pages = {49--68},
	publisher = {Elsevier},
	title = {Asymptotic normality of posterior distributions for exponential families when the number of parameters tends to infinity},
	volume = {74},
	year = {2000}}

@article{griffin2010inference,
	author = {Griffin, J. E. and Brown, P. J.},
	journal = {{B}ayesian Analysis},
	number = {1},
	pages = {171--188},
	publisher = {International Society for {B}ayesian Analysis},
	title = {Inference with normal-gamma prior distributions in regression problems},
	volume = {5},
	year = {2010}}

@article{hans2007shotgun,
	author = {Hans, C. and Dobra, A. and West, M.},
	journal = {Journal of the {A}merican Statistical Association},
	number = {478},
	pages = {507--516},
	publisher = {Taylor \& Francis},
	volume = {102},
	year = {2007}}

@article{harshman1970foundations,
	author = {Harshman, R.A.},
	journal = {UCLA working papers in phonetics},
	number = {1},
	pages = {84},
	publisher = {Citeseer},
	title = {{Foundations of the {PARAFAC} procedure: {M}odels and conditions for an ``explanatory" multi-modal factor analysis}},
	volume = {16},
	year = {1970}}

@article{ishwaran2005spike,
	author = {Ishwaran, H. and Rao, J. S.},
	journal = {Annals of Statistics},
	pages = {730--773},
	publisher = {JSTOR},
	title = {Spike and slab variable selection: frequentist and {B}ayesian strategies},
	year = {2005}}

@article{ishwaran2011gibbs,
	author = {Ishwaran, Hemant and James, Lancelot F},
	journal = {Journal of the American Statistical Association},
	publisher = {Taylor \& Francis},
	title = {Gibbs sampling methods for stick-breaking priors},
	year = {2011}}

@book{drton2008lectures,
	author = {Drton, Mathias and Sturmfels, Bernd and Sullivant, Seth},
	publisher = {Springer Science \& Business Media},
	title = {Lectures on algebraic statistics},
	volume = {39},
	year = {2008}}

@article{drton2007algebraic,
	author = {Drton, Mathias and Sullivant, Seth},
	journal = {Statistica Sinica},
	pages = {1273--1297},
	publisher = {JSTOR},
	title = {Algebraic statistical models},
	year = {2007}}

@article{jiang2007bayesian,
	author = {Jiang, W.},
	journal = {The Annals of Statistics},
	pages = {1487--1511},
	publisher = {JSTOR},
	title = {{B}ayesian variable selection for high dimensional generalized linear models: convergence rates of the fitted densities},
	year = {2007}}

@article{johnson2010nonlocal,
	author = {Johnson, V.E. and Rossell, D.},
	journal = {Journal of the Royal Statistical Society: Series B (Statistical Methodology)},
	number = {2},
	pages = {143--170},
	publisher = {Wiley Online Library},
	title = {On the use of non-local prior densities in {B}ayesian hypothesis tests},
	volume = {72},
	year = {2010}}

@article{johnson2012,
	author = {Johnson, Valen E and Rossell, David},
	journal = {Journal of the American Statistical Association},
	number = {498},
	pages = {649--660},
	publisher = {Taylor \& Francis},
	title = {Bayesian model selection in high-dimensional settings},
	volume = {107},
	year = {2012}}

@article{Narisetty2014,
	author = {Narisetty, Naveen Naidu and He, Xuming},
	journal = {The Annals of Statistics},
	number = {2},
	pages = {789--817},
	publisher = {Institute of Mathematical Statistics},
	title = {Bayesian variable selection with shrinking and diffusing priors},
	volume = {42},
	year = {2014}}

@article{johnstone2004needles,
	author = {Johnstone, I. M. and Silverman, B. W.},
	journal = {The Annals of Statistics},
	number = {4},
	pages = {1594--1649},
	publisher = {Institute of Mathematical Statistics},
	title = {Needles and straw in haystacks: {E}mpirical {B}ayes estimates of possibly sparse sequences},
	volume = {32},
	year = {2004}}

@article{Karatzoglou2010,
	author = {Karatzoglou, A. and Amatriain, X. and Baltrunas, L. and Oliver, N.},
	journal = {Proceedings of the Fourth ACM Conference on Recommender Systems},
	title = {Multiverse recommendation: n-dimensional tensor factorization for context-aware collaborative filtering},
	year = {2010}}


@article{kolda2009tensor,
	author = {Kolda, T. G. and Bader, B. W.},
	journal = {SIAM review},
	number = {3},
	pages = {455--500},
	publisher = {SIAM},
	title = {Tensor decompositions and applications},
	volume = {51},
	year = {2009}}

@article{lam2009sparsistency,
	author = {Lam, C. and Fan, J.},
	journal = {Annals of Statistics},
	number = {6B},
	pages = {4254--4278},
	publisher = {NIH Public Access},
	title = {Sparsistency and rates of convergence in large covariance matrix estimation},
	volume = {37},
	year = {2009}}

@book{ledoux2005concentration,
	author = {Ledoux, M.},
	publisher = {AMS Bookstore},
	title = {The concentration of measure phenomenon},
	volume = {89},
	year = {2005}}

@article{lee1999learning,
	author = {Lee, D. D. and Seung, H. S.},
	journal = {Nature},
	number = {6755},
	pages = {788--791},
	publisher = {Nature Publishing Group},
	title = {Learning the parts of objects by non-negative matrix factorization},
	volume = {401},
	year = {1999}}

@article{liang2008mixtures,
	author = {Liang, F. and Paulo, R. and Molina, G. and Clyde, M.A. and Berger, J.O.},
	journal = {Journal of the {A}merican Statistical Association},
	number = {481},
	title = {Mixtures of g priors for {B}ayesian variable selection},
	volume = {103},
	year = {2008}}

@article{limcomon09,
	author = {Lim, L. H., and Comon, P.},
	journal = {Jour. Chemometrics},
	pages = {432--441},
	title = {{Nonnegative approximations of nonnegative tensors}},
	year = {2009}}

@article{liu2012,
	author = {Liu, J. and Liu, J. and Wonka, P. and Ye, J.P.},
	journal = {Pattern Recognition},
	pages = {649-656},
	title = {Sparse non-negative tensor factorization using columnwise coordinate descent},
	volume = {45},
	year = {2012}}

@incollection{Lucasetal06,
	author = {Joseph E. L., and Carvalho, C., and Wang, Q., and Bild, A., and Nevins, J.R., and West, M.},
	booktitle = {{B}ayesian Inference for Gene Expression and Proteomics},
	editor = {K.A. Do and P. M\"uller and M. Vannucci},
	pages = {155-176},
	publisher = {Cambridge University Press},
	title = {Sparse statistical modelling in gene expression genomics},
	year = {2006}}

@article{negahban2012unified,
	author = {Negahban, S. N. and Ravikumar, P. and Wainwright, M. J. and Yu, B.},
	journal = {Statistical Science},
	number = {4},
	pages = {538--557},
	publisher = {Institute of Mathematical Statistics},
	title = {A unified framework for high-dimensional analysis of $ M $-estimators with decomposable regularizers},
	volume = {27},
	year = {2012}}

@article{o1995fractional,
	author = {O'Hagan, A.},
	journal = {Journal of the Royal Statistical Society. Series B (Methodological)},
	pages = {99--138},
	publisher = {JSTOR},
	title = {Fractional Bayes factors for model comparison},
	year = {1995}}

@article{paatero1994positive,
	author = {Paatero, P. and Tapper, U.},
	journal = {Environmetrics},
	number = {2},
	pages = {111--126},
	publisher = {Wiley Online Library},
	title = {Positive matrix factorization: A non-negative factor model with optimal utilization of error estimates of data values},
	volume = {5},
	year = {1994}}

@article{park2008bayesian,
	author = {Park, T. and Casella, G.},
	journal = {Journal of the {A}merican Statistical Association},
	number = {482},
	pages = {681--686},
	publisher = {ASA},
	title = {The {B}ayesian {l}asso},
	volume = {103},
	year = {2008}}

@article{debdeep2013,
	author = {Pati, D. and Bhattacharya, A. and Pillai, N.S. and Dunson, D. B.},
	journal = {The Annals of Statistics},
	number = {3},
	pages = {1102--1130},
	publisher = {Institute of Mathematical Statistics},
	title = {Posterior contraction in sparse {B}ayesian factor models for massive covariance matrices},
	volume = {42},
	year = {2014}}

@article{pati2013jmva,
	author = {Pati, D. and Dunson, D. B. and Tokdar, S. T.},
	journal = {Journal of Multivariate Analysis},
	pages = {456--472},
	publisher = {Elsevier},
	title = {Posterior consistency in conditional distribution estimation},
	volume = {116},
	year = {2013}}

@article{polson2010shrink,
	author = {Polson, N. G. and Scott, J. G.},
	journal = {{B}ayesian Statistics},
	pages = {501--538},
	publisher = {Citeseer},
	title = {Shrink globally, act locally: sparse {B}ayesian regularization and prediction},
	volume = {9},
	year = {2010}}

@article{roberts1997updating,
	author = {Roberts, G. O. and Sahu, S. K.},
	journal = {Journal of the Royal Statistical Society: Series B (Statistical Methodology)},
	number = {2},
	pages = {291--317},
	publisher = {Wiley Online Library},
	title = {Updating schemes, correlation structure, blocking and parameterization for the {G}ibbs sampler},
	volume = {59},
	year = {1997}}

@article{scott2010bayes,
	author = {Scott, J. G. and Berger, J. O.},
	journal = {The Annals of Statistics},
	number = {5},
	pages = {2587--2619},
	publisher = {Institute of Mathematical Statistics},
	title = {Bayes and empirical-{B}ayes multiplicity adjustment in the variable-selection problem},
	volume = {38},
	year = {2010}}

@article{talagrand1995concentration,
	author = {Talagrand, M.},
	journal = {Publications Math{\'e}matiques de l'Institut des Hautes Etudes Scientifiques},
	number = {1},
	pages = {73--205},
	publisher = {Springer},
	title = {Concentration of measure and isoperimetric inequalities in product spaces},
	volume = {81},
	year = {1995}}

@book{boucheron2013concentration,
	author = {Boucheron, St{\'e}phane and Lugosi, G{\'a}bor and Massart, Pascal},
	publisher = {Oxford university press},
	title = {Concentration inequalities: A nonasymptotic theory of independence},
	year = {2013}}

@article{tipping2001sparse,
	author = {Tipping, M. E.},
	journal = {The Journal of Machine Learning Research},
	pages = {211--244},
	publisher = {JMLR. org},
	title = {Sparse {B}ayesian learning and the relevance vector machine},
	volume = {1},
	year = {2001}}

@article{vehtari2002bayesian,
	author = {Vehtari, A. and Lampinen, J.},
	journal = {Report B31},
	title = {{B}ayesian input variable selection using posterior probabilities and expected utilities},
	year = {2002}}

@article{vershynin2010introduction,
	author = {Vershynin, R.},
	journal = {Arxiv preprint arxiv:1011.3027},
	title = {Introduction to the non-asymptotic analysis of random matrices},
	year = {2010}}

@incollection{West03,
	author = {West, M.},
	booktitle = {{B}ayesian Statistics, 7},
	editor = {J.M. Bernardo and M.J. Bayarri and J.O. Berger and A.P. Dawid and D. Heckerman and A.F.M. Smith and M.West},
	publisher = {Oxford University Press},
	title = {{B}ayesian factor regression models in the large p, small n paradigm},
	year = {2003}}

@incollection{yu1997assouad,
	author = {Yu, B.},
	booktitle = {Festschrift for Lucien Le Cam},
	pages = {423--435},
	publisher = {Springer},
	title = {Assouad, {F}ano, and {L}e {C}am},
	year = {1997}}

@article{bhattacharya2013sparsepf,
	author = {Zhou, J. and Bhattacharya, A. and Herring, A. and Dunson, D. B.},
	journal = {arXiv preprint arXiv:1306.1598v1},
	title = {{B}ayesian factorizations of big sparse tensors},
	year = {2013}}

@article{erdos1961evolution,
	author = {Erd\"{o}s, P. and R{\'e}nyi, A.},
	journal = {Bull. Inst. Internat. Statist},
	number = {4},
	pages = {343--347},
	title = {On the evolution of random graphs},
	volume = {38},
	year = {1961}}

@article{pati2014bayesian,
	author = {Pati, D. and Dunson, D. B.},
	journal = {Annals of the Institute of Statistical Mathematics},
	number = {1},
	pages = {1--31},
	publisher = {Springer},
	title = {{B}ayesian nonparametric regression with varying residual density},
	volume = {66},
	year = {2014}}

@article{holland1981exponential,
	author = {Holland, P. W. and Leinhardt, S.},
	journal = {Journal of the {A}merican Statistical association},
	number = {373},
	pages = {33--50},
	publisher = {Taylor \& Francis},
	title = {An exponential family of probability distributions for directed graphs},
	volume = {76},
	year = {1981}}

@article{hoff2002latent,
	author = {Hoff, P. D. and Raftery, A. E. and Handcock, M. S.},
	journal = {Journal of the {A}merican Statistical association},
	number = {460},
	pages = {1090--1098},
	publisher = {Taylor \& Francis},
	title = {Latent space approaches to social network analysis},
	volume = {97},
	year = {2002}}

@article{tallberg2004bayesian,
	author = {Tallberg, Christian},
	journal = {Journal of Mathematical Sociology},
	number = {1},
	pages = {1--23},
	publisher = {Taylor \& Francis},
	title = {A Bayesian approach to modeling stochastic blockstructures with covariates},
	volume = {29},
	year = {2004}}

@article{wasserman1996logit,
	author = {Wasserman, Stanley and Pattison, Philippa},
	journal = {Psychometrika},
	number = {3},
	pages = {401--425},
	publisher = {Springer},
	title = {Logit models and logistic regressions for social networks: I. An introduction to Markov graphs andp},
	volume = {61},
	year = {1996}}

@article{yan2016statistical,
	author = {Yan, Ting and Jiang, Binyan and Fienberg, Stephen E and Leng, Chenlei},
	journal = {arXiv preprint arXiv:1609.04558},
	title = {Statistical Inference in a Directed Network Model with Covariates},
	year = {2016}}

@article{frank1986markov,
	author = {Frank, O. and Strauss, D.},
	journal = {Journal of the {A}merican Statistical association},
	number = {395},
	pages = {832--842},
	publisher = {Taylor \& Francis Group},
	title = {Markov graphs},
	volume = {81},
	year = {1986}}

@article{nowicki2001estimation,
	author = {Nowicki, K. and Snijders, T. A. B.},
	journal = {Journal of the {A}merican Statistical Association},
	number = {455},
	pages = {1077--1087},
	publisher = {Taylor \& Francis},
	title = {Estimation and prediction for stochastic blockstructures},
	volume = {96},
	year = {2001}}

@inproceedings{airoldi2009mixed,
	author = {Airoldi, E. M. and Blei, D. M. and Fienberg, S.E. and Xing, E. P.},
	booktitle = {Advances in Neural Information Processing Systems},
	pages = {33--40},
	title = {Mixed membership stochastic blockmodels},
	year = {2009}}

@article{bickel2009nonparametric,
	author = {Bickel, P. J. and Chen, A.},
	journal = {Proceedings of the National Academy of Sciences},
	number = {50},
	pages = {21068--21073},
	publisher = {National Acad Sciences},
	title = {A nonparametric view of network models and {N}ewman--{G}irvan and other modularities},
	volume = {106},
	year = {2009}}

@article{chatterjee2010properties,
	author = {Chatterjee, S.and Diaconis, P. and Sly, A.},
	journal = {arXiv preprint arXiv:1010.6136},
	title = {Properties of uniform doubly stochastic matrices},
	year = {2010}}

@article{wolfe2013nonparametric,
	author = {Wolfe, P. J. and Olhede, S. C.},
	journal = {arXiv preprint arXiv:1309.5936},
	title = {Nonparametric graphon estimation},
	year = {2013}}

@article{chan2014consistent,
	author = {Chan, S. H. and Airoldi, E. M.},
	journal = {arXiv preprint arXiv:1402.1888},
	title = {A Consistent Histogram Estimator for Exchangeable Graph Models},
	year = {2014}}

@article{gao2014rate,
	author = {Gao, C. and Lu, Y. and Zhou, H. H.},
	journal = {arXiv preprint arXiv:1410.5837},
	title = {Rate-optimal Graphon Estimation},
	year = {2014}}

@book{wahba1990spline,
	author = {Wahba, G.},
	publisher = {Siam},
	title = {Spline models for observational data},
	volume = {59},
	year = {1990}}

@article{rasmussen2006gaussian,
	author = {Rasmussen, C. E. and Williams, C. K. I.},
	publisher = {MIT press},
	title = {Gaussian processes for machine learning},
	year = {2006}}

@article{mckay2011variable,
	author = {McKay Curtis, S. and Ghosh, S. K.},
	journal = {Journal of Applied Statistics},
	number = {5},
	pages = {961--976},
	publisher = {Taylor \& Francis},
	title = {A variable selection approach to monotonic regression with {B}ernstein polynomials},
	volume = {38},
	year = {2011}}

@article{sethuraman1994constructive,
	author = {Sethuraman, J.},
	journal = {Statistica Sinica},
	number = {2},
	pages = {639--650},
	title = {{A constructive definition of Dirichlet priors}},
	volume = {4},
	year = {1994}}

@article{ghosal2003ad,
	author = {Ghosal, S. and Lember, J. and Van Der Vaart, A.},
	journal = {Acta Applicandae Mathematica},
	number = {1-2},
	pages = {165--175},
	publisher = {Springer},
	title = {On {B}ayesian adaptation},
	volume = {79},
	year = {2003}}

@article{li1999approximation,
	author = {Li, W. V. and Linde, W.},
	journal = {The Annals of Probability},
	number = {3},
	pages = {1556--1578},
	publisher = {Institute of Mathematical Statistics},
	title = {Approximation, metric entropy and small ball estimates for Gaussian measures},
	volume = {27},
	year = {1999}}

@article{li2001gaussian,
	author = {Li, W. V. and Shao, Q-M.},
	journal = {Handbook of Statistics},
	pages = {533--597},
	publisher = {Elsevier},
	title = {Gaussian processes: inequalities, small ball probabilities and applications},
	volume = {19},
	year = {2001}}

@article{comminges2012tight,
	author = {Comminges, L. and Dalalyan, A. S.},
	journal = {The Annals of Statistics},
	number = {5},
	pages = {2667--2696},
	publisher = {Institute of Mathematical Statistics},
	title = {Tight conditions for consistency of variable selection in the context of high dimensionality},
	volume = {40},
	year = {2012}}

@article{zou2010nonparametric,
	author = {Zou, F. and Huang, H. and Lee, S. and Hoeschele, I.},
	journal = {Genetics},
	number = {1},
	pages = {385--394},
	publisher = {Genetics Soc America},
	title = {Nonparametric Bayesian variable selection with applications to multiple quantitative trait loci mapping with epistasis and gene--environment interaction},
	volume = {186},
	year = {2010}}

@article{savitsky2011variable,
	author = {Savitsky, T. and Vannucci, M. and Sha, N.},
	journal = {Statistical science: a review journal of the Institute of Mathematical Statistics},
	number = {1},
	pages = {130},
	publisher = {NIH Public Access},
	title = {Variable selection for nonparametric Gaussian process priors: Models and computational strategies},
	volume = {26},
	year = {2011}}

@article{yang2015minimax,
	author = {Yang, Y. and Tokdar, S. T.},
	journal = {The Annals of Statistics},
	number = {2},
	pages = {652--674},
	publisher = {Institute of Mathematical Statistics},
	title = {Minimax-optimal nonparametric regression in high dimensions},
	volume = {43},
	year = {2015}}

@article{qamar2014additive,
	author = {Qamar, S. and Tokdar, S. T.},
	journal = {arXiv preprint arXiv:1411.7009},
	title = {{Additive Gaussian process regression}},
	year = {2014}}

@article{fang2012flexible,
	author = {Fang, Z. and Kim, I. and Schaumont, P.},
	journal = {arXiv preprint arXiv:1206.2696},
	title = {Flexible Variable Selection for Recovering Sparsity in Nonadditive Nonparametric Models},
	year = {2012}}

@article{song2001bayesian,
	author = {Song, X. and Lee, S.},
	journal = {British Journal of Mathematical and Statistical Psychology},
	number = {2},
	pages = {237--264},
	publisher = {Bristol: J. Wright \& Sons},
	title = {Bayesian estimation and test for factor analysis model with continuous and polytomous data in several populations},
	volume = {54},
	year = {2001}}

@inproceedings{zhang2013divide,
	author = {Zhang, Yuchen and Duchi, John C and Wainwright, Martin J},
	booktitle = {COLT},
	pages = {592--617},
	title = {Divide and Conquer Kernel Ridge Regression.},
	year = {2013}}

@techreport{chen2012split,
	author = {Chen, Xueying and Xie, Minge},
	institution = {Technical Report 2012-01, Dept. Statistics, Rutgers Univ},
	title = {A split-and-conquer approach for analysis of extraordinarily large data},
	year = {2012}}

@article{rue2001fast,
	author = {Rue, H.},
	journal = {Journal of the Royal Statistical Society. Series B, Statistical Methodology},
	pages = {325--338},
	publisher = {JSTOR},
	title = {Fast sampling of Gaussian Markov random fields},
	year = {2001}}

@book{golub2012matrix,
	author = {Golub, G. H. and V. L., Charles F},
	publisher = {JHU Press},
	title = {Matrix computations},
	volume = {3},
	year = {2012}}

@article{bhattacharya2015fast,
	author = {Bhattacharya, A. and Chakraborty, A. and Mallick, B. K.},
	journal = {Biometrika (to appear)},
	title = {Fast sampling with Gaussian scale-mixture priors in high-dimensional regression},
	year = {2016}}

@book{andrews1999foundations,
	author = {Andrews, G. R.},
	publisher = {Addison-Wesley Longman Publishing Co., Inc.},
	title = {Foundations of parallel and distributed programming},
	year = {1999}}

@inproceedings{mackey2011divide,
	author = {Mackey, L. W. and Jordan, M. I. and Talwalkar, A.},
	booktitle = {Advances in Neural Information Processing Systems},
	pages = {1134--1142},
	title = {Divide-and-conquer matrix factorization},
	year = {2011}}

@article{minsker2014robust,
	author = {Minsker, S. and Srivastava, S. and Lin, L. and Dunson, D. B.},
	journal = {arXiv preprint arXiv:1403.2660},
	title = {Robust and scalable {B}ayes via a median of subset posterior measures},
	year = {2014}}

@article{bhattacharya2015bernstein,
	author = {Bhattacharya, A. and Pati, D.},
	journal = {arXiv preprint arXiv:1502.02336},
	title = {Bernstein von Mises Theorems in {W}asserstein distance},
	year = {2015}}

@article{newman2012communities,
	author = {Newman, M. E. J.},
	journal = {Nature Physics},
	number = {1},
	pages = {25--31},
	publisher = {Nature Publishing Group},
	title = {Communities, modules and large-scale structure in networks},
	volume = {8},
	year = {2012}}

@article{zhao2012consistency,
	author = {Zhao, Y. and Levina, E. and Zhu, J.},
	journal = {The Annals of Statistics},
	number = {4},
	pages = {2266--2292},
	publisher = {Institute of Mathematical Statistics},
	title = {Consistency of community detection in networks under degree-corrected stochastic block models},
	volume = {40},
	year = {2012}}

@article{geng2016probabilistic,
	author = {Geng, Junxian and Bhattacharya, Anirban and Pati, Debdeep},
	journal = {Journal of the American Statistical Association},
	number = {526},
	pages = {893--905},
	publisher = {Taylor \& Francis},
	title = {Probabilistic community detection with unknown number of communities},
	volume = {114},
	year = {2019}}

@book{aoki2012markov,
	author = {Aoki, S. and Hara, H. and Takemura, A.},
	publisher = {Springer Science \& Business Media},
	title = {Markov bases in algebraic statistics},
	volume = {199},
	year = {2012}}

@article{diaconis1998algebraic,
	author = {Diaconis, P. and Sturmfels, B.},
	journal = {The Annals of statistics},
	number = {1},
	pages = {363--397},
	publisher = {Institute of Mathematical Statistics},
	title = {Algebraic algorithms for sampling from conditional distributions},
	volume = {26},
	year = {1998}}

@article{zhao2011community,
	author = {Zhao, Y. and Levina, E. and Zhu, J.},
	journal = {Proceedings of the National Academy of Sciences},
	number = {18},
	pages = {7321--7326},
	publisher = {National Acad Sciences},
	title = {Community extraction for social networks},
	volume = {108},
	year = {2011}}

@article{amini2013pseudo,
	author = {Amini, A. A. and Chen, A. and Bickel, P. J. and Levina, E.},
	journal = {The Annals of Statistics},
	number = {4},
	pages = {2097--2122},
	publisher = {Institute of Mathematical Statistics},
	title = {Pseudo-likelihood methods for community detection in large sparse networks},
	volume = {41},
	year = {2013}}

@article{karrer2011stochastic,
	author = {Karrer, B. and Newman, M. E. J.},
	journal = {Physical Review E},
	number = {1},
	pages = {016107},
	publisher = {APS},
	title = {Stochastic blockmodels and community structure in networks},
	volume = {83},
	year = {2011}}

@article{daudin2008mixture,
	author = {Daudin, J. J. and Picard, F. and Robin, S.},
	journal = {Statistics and computing},
	number = {2},
	pages = {173--183},
	publisher = {Springer},
	title = {A mixture model for random graphs},
	volume = {18},
	year = {2008}}

@article{latouche2012variational,
	author = {Latouche, P. and Birmele, E. and Ambroise, C.},
	journal = {Statistical Modelling},
	number = {1},
	pages = {93--115},
	publisher = {SAGE Publications},
	title = {Variational {B}ayesian inference and complexity control for stochastic block models},
	volume = {12},
	year = {2012}}

@article{wang2015likelihood,
	author = {Wang, Y. X. and Bickel, P. J.},
	journal = {arXiv preprint arXiv:1502.02069},
	title = {Likelihood-based model selection for stochastic block models},
	year = {2015}}

@article{le2015estimating,
	author = {Le, C. M. and Levina, E.},
	journal = {arXiv preprint arXiv:1507.00827},
	title = {Estimating the number of communities in networks by spectral methods},
	year = {2015}}

@article{miller2015mixture,
	author = {Miller, J. W. and Harrison, M. T.},
	journal = {arXiv preprint arXiv:1502.06241},
	title = {Mixture models with a prior on the number of components},
	year = {2015}}

@article{walker2007sampling,
	author = {Walker, S. G.},
	journal = {Communications in Statistics---Simulation and Computation{\textregistered}},
	number = {1},
	pages = {45--54},
	publisher = {Taylor \& Francis},
	title = {{Sampling the Dirichlet mixture model with slices}},
	volume = {36},
	year = {2007}}

@article{zellner1986,
	author = {Zellner, Arnold},
	journal = {Bayesian inference and decision techniques: Essays in Honor of Bruno De Finetti},
	pages = {233--243},
	publisher = {North Holland, Amsterdam},
	title = {On assessing prior distributions and {B}ayesian regression analysis with g-prior distributions},
	volume = {6},
	year = {1986}}

@article{george2000calibration,
	author = {George, EdwardI and Foster, Dean P},
	journal = {Biometrika},
	number = {4},
	pages = {731--747},
	publisher = {Biometrika Trust},
	title = {Calibration and empirical {B}ayes variable selection},
	volume = {87},
	year = {2000}}

@article{liang2008mixtures,
	author = {Liang, Feng and Paulo, Rui and Molina, German and Clyde, Merlise A and Berger, Jim O},
	journal = {Journal of the American Statistical Association},
	number = {481},
	pages = {410--423},
	title = {Mixtures of g priors for {B}ayesian variable selection},
	volume = {103},
	year = {2008}}

@article{song2015high,
	author = {Song, Qifan and Liang, Faming},
	journal = {Journal of the American Statistical Association},
	number = {just-accepted},
	publisher = {Taylor \& Francis},
	title = {High Dimensional Variable Selection with Reciprocal {L}1-Regularization},
	year = {2015+}}

@article{Liang2013,
	author = {Liang, Faming and Song, Qifan and Yu, Kai},
	journal = {Journal of the American Statistical Association},
	number = {502},
	pages = {589--606},
	publisher = {Taylor \& Francis},
	title = {{Bayesian Subset Modeling for High-Dimensional Generalized Linear Models}},
	volume = {108},
	year = {2013}}

@article{bondell2012consistent,
	author = {Bondell, Howard D and Reich, Brian J},
	journal = {Journal of the American Statistical Association},
	number = {500},
	pages = {1610--1624},
	publisher = {Taylor \& Francis Group},
	title = {Consistent high-dimensional {B}ayesian variable selection via penalized credible regions},
	volume = {107},
	year = {2012}}

@article{liu2013variational,
	author = {Liu, Qiang and Ihler, Alexander},
	journal = {The Journal of Machine Learning Research},
	number = {1},
	pages = {3165--3200},
	publisher = {JMLR. org},
	title = {Variational algorithms for marginal {MAP}},
	volume = {14},
	year = {2013}}

@article{hans2007shotgun,
	author = {Hans, C. and Dobra, A. and West, M.},
	journal = {Journal of the American Statistical Association},
	number = {478},
	pages = {507--516},
	publisher = {Taylor \& Francis},
	title = {Shotgun stochastic search for large $p$ regression},
	volume = {102},
	year = {2007}}

@article{bottolo2010evolutionary,
	author = {Bottolo, Leonard and Richardson, Sylvia},
	journal = {Bayesian Analysis},
	number = {3},
	pages = {583--618},
	publisher = {International Society for Bayesian Analysis},
	title = {Evolutionary stochastic search for {B}ayesian model exploration},
	volume = {5},
	year = {2010}}

@article{shi2011bayesian,
	author = {Shi, Minghui and Dunson, David B},
	journal = {Statistics \& probability letters},
	number = {2},
	pages = {283--291},
	publisher = {Elsevier},
	title = {Bayesian variable selection via particle stochastic search},
	volume = {81},
	year = {2011}}

@article{carbonetto2012scalable,
	author = {Carbonetto, Peter and Stephens, Matthew},
	journal = {Bayesian Analysis},
	number = {1},
	pages = {73--108},
	publisher = {International Society for Bayesian Analysis},
	title = {Scalable variational inference for {B}ayesian variable selection in regression, and its accuracy in genetic association studies},
	volume = {7},
	year = {2012}}

@article{rovckova2014emvs,
	author = {Rockova, Veronika and George, Edward I},
	journal = {Journal of the American Statistical Association},
	number = {506},
	pages = {828--846},
	publisher = {Taylor \& Francis},
	title = {{EMVS}: The {EM} approach to {B}ayesian variable selection},
	volume = {109},
	year = {2014}}

@article{rue2001fast,
	author = {Rue, H{\aa}vard},
	journal = {Journal of the Royal Statistical Society: Series B (Statistical Methodology)},
	number = {2},
	pages = {325--338},
	publisher = {Wiley Online Library},
	title = {Fast sampling of Gaussian Markov random fields},
	volume = {63},
	year = {2001}}

@article{bae2004gene,
	author = {Bae, K. and Mallick, B. K.},
	journal = {Bioinformatics},
	number = {18},
	pages = {3423--3430},
	publisher = {Oxford Univ Press},
	title = {Gene selection using a two-level hierarchical {B}ayesian model},
	volume = {20},
	year = {2004}}

@article{polson2014bayesian,
	author = {Polson, N. G. and Scott, J. G. and Windle, J.},
	journal = {Journal of the Royal Statistical Society: Series B (Statistical Methodology)},
	number = {4},
	pages = {713--733},
	publisher = {Wiley-Blackwell},
	title = {The {B}ayesian bridge},
	volume = {76},
	year = {2014}}

@article{hans2009bayesian,
	author = {Hans, C.},
	journal = {Biometrika},
	number = {4},
	pages = {835--845},
	publisher = {Biometrika Trust},
	title = {Bayesian lasso regression},
	volume = {96},
	year = {2009}}

@inproceedings{caron2008sparse,
	author = {Caron, F. and Doucet, A.},
	booktitle = {Proceedings of the 25th international conference on Machine learning},
	organization = {ACM},
	pages = {88--95},
	title = {Sparse {B}ayesian nonparametric regression},
	year = {2008}}

@article{hahn2015decoupling,
	author = {Hahn, P. R. and Carvalho, C. M.},
	journal = {Journal of the American Statistical Association},
	number = {509},
	pages = {435--448},
	publisher = {Taylor \& Francis},
	title = {Decoupling shrinkage and selection in {B}ayesian linear models: a posterior summary perspective},
	volume = {110},
	year = {2015}}

@article{marzetta2011random,
	author = {Marzetta, T. L. and Tucci, G. H. and Simon, S. H.},
	journal = {Information Theory, IEEE Transactions on},
	number = {9},
	pages = {6256--6271},
	publisher = {IEEE},
	title = {A random matrix-theoretic approach to handling singular covariance estimates},
	volume = {57},
	year = {2011}}

@inproceedings{scott2013bayes,
	author = {Scott, S. L. and Blocker, A. W. and Bonassi, F. V. and Chipman, H. and George, E. and McCulloch, R.},
	booktitle = {EFaBBayes 250 conference},
	title = {Bayes and big data: The consensus {M}onte {C}arlo algorithm},
	volume = {16},
	year = {2013}}

@article{park2011domain,
	author = {Park, C. and Huang, J. Z. and Ding, Y.},
	journal = {The Journal of Machine Learning Research},
	pages = {1697--1728},
	publisher = {JMLR. org},
	title = {Domain decomposition approach for fast Gaussian process regression of large spatial data sets},
	volume = {12},
	year = {2011}}

@article{wang2013parallelizing,
	author = {Wang, Xiangyu and Dunson, David B},
	journal = {arXiv preprint arXiv:1312.4605},
	title = {Parallelizing MCMC via Weierstrass sampler},
	year = {2013}}

@article{katzfuss2014parallel,
	author = {Katzfuss, M. and Hammerling, D.},
	journal = {arXiv preprint arXiv:1402.1472},
	title = {Parallel inference for massive distributed spatial data using low-rank models},
	year = {2014}}

@article{petrone2014bayes,
	author = {Petrone, S and Rousseau, J and Scricciolo, C},
	journal = {Biometrika},
	pages = {ast067},
	publisher = {Biometrika Trust},
	title = {Bayes and empirical {B}ayes: do they merge?},
	year = {2014}}

@article{givens1984class,
	author = {Givens, C. R. and Shortt, R. M.},
	journal = {Michigan Math. J},
	number = {2},
	pages = {231--240},
	title = {A class of {W}asserstein metrics for probability distributions},
	volume = {31},
	year = {1984}}

@book{villani2008optimal,
	author = {Villani, C.},
	publisher = {Springer Science \& Business Media},
	title = {Optimal transport: old and new},
	volume = {338},
	year = {2008}}

@article{ghosal1999as,
	author = {Ghosal, S.},
	journal = {Bernoulli},
	number = {2},
	pages = {315--331},
	publisher = {Bernoulli Society for Mathematical Statistics and Probability},
	title = {Asymptotic normality of posterior distributions in high-dimensional linear models},
	volume = {5},
	year = {1999}}

@article{rivoirard2012bernstein,
	author = {Rivoirard, V. and Rousseau, J.},
	journal = {The Annals of Statistics},
	number = {3},
	pages = {1489--1523},
	publisher = {Institute of Mathematical Statistics},
	title = {Bernstein--von {M}ises theorem for linear functionals of the density},
	volume = {40},
	year = {2012}}

@article{castillo2012semiparametric,
	author = {Castillo, I.},
	journal = {Probability Theory and Related Fields},
	number = {1-2},
	pages = {53--99},
	publisher = {Springer},
	title = {A semiparametric {B}ernstein--von {M}ises theorem for {G}aussian process priors},
	volume = {152},
	year = {2012}}

@article{bontemps2011bernstein,
	author = {Bontemps, D.},
	journal = {The Annals of Statistics},
	number = {5},
	pages = {2557--2584},
	publisher = {Institute of Mathematical Statistics},
	title = {Bernstein--von {M}ises theorems for {G}aussian regression with increasing number of regressors},
	volume = {39},
	year = {2011}}

@article{castillo2013nonparametric,
	author = {Castillo, I. and Nickl, R.},
	journal = {The Annals of Statistics},
	number = {4},
	pages = {1999--2028},
	publisher = {Institute of Mathematical Statistics},
	title = {Nonparametric {B}ernstein--von {M}ises theorems in {G}aussian white noise},
	volume = {41},
	year = {2013}}

@article{johnstone2010high,
	author = {Johnstone, I. M.},
	journal = {Institute of Mathematical Statistics collections},
	pages = {87},
	publisher = {NIH Public Access},
	title = {High dimensional {B}ernstein--von {M}ises: simple examples},
	volume = {6},
	year = {2010}}

@article{boucheron2009bernstein,
	author = {Boucheron, S. and Gassiat, E.},
	journal = {Electronic Journal of Statistics},
	pages = {114--148},
	publisher = {Institute of Mathematical Statistics},
	title = {A {B}ernstein--von {M}ises theorem for discrete probability distributions},
	volume = {3},
	year = {2009}}

@article{shen2002asymptotic,
	author = {Shen, X.},
	journal = {Journal of the American Statistical Association},
	number = {457},
	title = {Asymptotic normality of semiparametric and nonparametric posterior distributions},
	volume = {97},
	year = {2002}}

@article{castillo2012semiparametric,
	author = {Castillo, I.},
	journal = {Probability Theory and Related Fields},
	number = {1-2},
	pages = {53--99},
	publisher = {Springer},
	title = {A semiparametric Bernstein--von {M}ises theorem for Gaussian process priors},
	volume = {152},
	year = {2012}}

@article{rivoirard2012bernstein,
	author = {Rivoirard, V. and Rousseau, J.},
	journal = {The Annals of Statistics},
	number = {3},
	pages = {1489--1523},
	publisher = {Institute of Mathematical Statistics},
	title = {Bernstein--von {M}ises theorem for linear functionals of the density},
	volume = {40},
	year = {2012}}

@article{bickel2012semiparametric,
	author = {Bickel, P. J. and Kleijn, B. J. K.},
	journal = {The Annals of Statistics},
	number = {1},
	pages = {206--237},
	publisher = {Institute of Mathematical Statistics},
	title = {The semiparametric {B}ernstein--von {M}ises theorem},
	volume = {40},
	year = {2012}}

@article{castillo2013nonparametric,
	author = {Castillo, I. and Nickl, R.},
	journal = {The Annals of Statistics},
	number = {4},
	pages = {1999--2028},
	publisher = {Institute of Mathematical Statistics},
	title = {Nonparametric {B}ernstein--von {M}ises theorems in {G}aussian white noise},
	volume = {41},
	year = {2013}}

@article{castillo2013bernstein,
	author = {Castillo, I. and Nickl, R.},
	journal = {The Annals of Statistics},
	number = {5},
	pages = {1941--1969},
	publisher = {Institute of Mathematical Statistics},
	title = {On the {B}ernstein-von {M}ises phenomenon for nonparametric {B}ayes procedures},
	volume = {42},
	year = {2014}}

@article{leahu2011bernstein,
	author = {Leahu, H.},
	journal = {Electronic Journal of Statistics},
	pages = {373--404},
	publisher = {Institute of Mathematical Statistics},
	title = {On the {B}ernstein--von {M}ises phenomenon in the Gaussian white noise model},
	volume = {5},
	year = {2011}}

@article{ray2014bernstein,
	author = {Ray, K.},
	journal = {arXiv preprint arXiv:1407.3397},
	title = {Bernstein--von {M}ises theorems for adaptive {B}ayesian nonparametric procedures},
	year = {2014}}

@book{banerjee2014hierarchical,
	author = {Banerjee, S. and Carlin, B. P. and Gelfand, A. E.},
	publisher = {Crc Press},
	title = {Hierarchical modeling and analysis for spatial data},
	year = {2014}}

@book{cressie2015statistics,
	author = {Cressie, N.},
	publisher = {John Wiley \& Sons},
	title = {Statistics for spatial data},
	year = {2015}}

@article{marzouk2009dimensionality,
	author = {Marzouk, Y. M. and Najm, H. N.},
	journal = {Journal of Computational Physics},
	number = {6},
	pages = {1862--1902},
	publisher = {Elsevier},
	title = {Dimensionality reduction and polynomial chaos acceleration of {B}ayesian inference in inverse problems},
	volume = {228},
	year = {2009}}

@article{quinonero2005unifying,
	author = {Qui{\~n}onero-Candela, J. and Rasmussen, C. E.},
	journal = {The Journal of Machine Learning Research},
	pages = {1939--1959},
	publisher = {JMLR. org},
	title = {A unifying view of sparse approximate Gaussian process regression},
	volume = {6},
	year = {2005}}

@article{banerjee2012efficient,
	author = {Banerjee, A. and Dunson, D. B. and Tokdar, S. T.},
	journal = {Biometrika},
	pages = {801--816},
	publisher = {Biometrika Trust},
	title = {{Efficient Gaussian process regression for large datasets}},
	year = {2012}}

@article{sang2012full,
	author = {Sang, H. and Huang, J. Z.},
	journal = {Journal of the Royal Statistical Society: Series B (Statistical Methodology)},
	number = {1},
	pages = {111--132},
	publisher = {Wiley Online Library},
	title = {A full scale approximation of covariance functions for large spatial data sets},
	volume = {74},
	year = {2012}}

@book{geer2000empirical,
	author = {Geer, S. A.},
	publisher = {Cambridge university press},
	title = {Empirical Processes in M-estimation},
	volume = {6},
	year = {2000}}

@inproceedings{steinwart2009optimal,
	author = {Steinwart, I. and Hush, D. R. and Scovel, C.},
	booktitle = {COLT},
	title = {Optimal Rates for Regularized Least Squares Regression},
	year = {2009}}

@article{gelbrich1990formula,
	author = {Gelbrich, M.},
	journal = {Mathematische Nachrichten},
	number = {1},
	pages = {185--203},
	publisher = {Wiley Online Library},
	title = {On a formula for the $\ell_2$ {W}asserstein metric between measures on Euclidean and Hilbert spaces},
	volume = {147},
	year = {1990}}

@article{koltchinskii2000random,
	author = {Koltchinskii, V. and Gin{\'e}, E.},
	journal = {Bernoulli},
	pages = {113--167},
	publisher = {JSTOR},
	title = {Random matrix approximation of spectra of integral operators},
	year = {2000}}

@article{hahn2015decoupling,
	author = {Hahn, P Richard and Carvalho, Carlos M},
	journal = {Journal of the American Statistical Association},
	number = {509},
	pages = {435--448},
	publisher = {Taylor \& Francis},
	title = {Decoupling shrinkage and selection in {B}ayesian linear models: a posterior summary perspective},
	volume = {110},
	year = {2015}}

@inproceedings{zhou2009non,
	author = {Zhou, M. and Chen, H. and Ren, L, and Sapiro, G. and Carin, L. and Paisley, J. W.},
	booktitle = {Advances in neural information processing systems},
	pages = {2295--2303},
	title = {Non-parametric {B}ayesian dictionary learning for sparse image representations},
	year = {2009}}

@article{castillo2014bayesian,
	author = {Castillo, Isma{\"e}l and Schmidt-Hieber, Johannes and Van der Vaart, Aad},
	journal = {The Annals of Statistics},
	number = {5},
	pages = {1986--2018},
	publisher = {Institute of Mathematical Statistics},
	title = {Bayesian linear regression with sparse priors},
	volume = {43},
	year = {2015}}

@article{wasserman2000bayesian,
	author = {Wasserman, Larry},
	journal = {Journal of mathematical psychology},
	number = {1},
	pages = {92--107},
	publisher = {Elsevier},
	title = {Bayesian model selection and model averaging},
	volume = {44},
	year = {2000}}

@article{liang2012mixtures,
	author = {Liang, Feng and Paulo, Rui and Molina, German and Clyde, Merlise A and Berger, Jim O},
	journal = {Journal of the American Statistical Association},
	publisher = {Taylor \& Francis},
	title = {Mixtures of g priors for Bayesian variable selection},
	year = {2012}}

@article{johnson2012bayesian,
	author = {Johnson, Valen E and Rossell, David},
	journal = {Journal of the American Statistical Association},
	number = {498},
	pages = {649--660},
	publisher = {Taylor \& Francis},
	title = {Bayesian model selection in high-dimensional settings},
	volume = {107},
	year = {2012}}

@article{fan2013large,
	author = {Fan, J. and Liao, Y. and Mincheva, M.},
	journal = {Journal of the Royal Statistical Society: Series B (Statistical Methodology)},
	number = {4},
	pages = {603--680},
	publisher = {Wiley Online Library},
	title = {Large covariance estimation by thresholding principal orthogonal complements},
	volume = {75},
	year = {2013}}

@book{aldous1985exchangeability,
	author = {Aldous, D. J.},
	publisher = {Springer},
	title = {Exchangeability and related topics},
	year = {1985}}

@article{pitman1995exchangeable,
	author = {Pitman, J.},
	journal = {Probability theory and related fields},
	number = {2},
	pages = {145--158},
	publisher = {Springer},
	title = {Exchangeable and partially exchangeable random partitions},
	volume = {102},
	year = {1995}}

@inproceedings{smirnov1950construction,
	author = {Smirnov, N. V.},
	booktitle = {Doklady Akad. Nauk SSSR},
	pages = {189--191},
	title = {On the construction of confidence regions for the density of distribution of random variables},
	volume = {74},
	year = {1950}}

@article{bickel1973some,
	author = {Bickel, P. J. and Rosenblatt, M.},
	journal = {The Annals of Statistics},
	pages = {1071--1095},
	publisher = {JSTOR},
	title = {On some global measures of the deviations of density function estimates},
	year = {1973}}

@article{gine2010confidence,
	author = {Gin{\'e}, E. and Nickl, R.},
	journal = {The Annals of Statistics},
	number = {2},
	pages = {1122--1170},
	publisher = {Institute of Mathematical Statistics},
	title = {Confidence bands in density estimation},
	volume = {38},
	year = {2010}}

@article{cox1993analysis,
	author = {Cox, D. D.},
	journal = {The Annals of Statistics},
	pages = {903--923},
	publisher = {JSTOR},
	title = {An analysis of {B}ayesian inference for nonparametric regression},
	year = {1993}}

@article{freedman1999bernstein,
	author = {Freedman, D.},
	journal = {Annals of Statistics},
	pages = {1119--1140},
	publisher = {JSTOR},
	title = {On the {B}ernstein-von {M}ises theorem with infinite-dimensional parameters},
	year = {1999}}

@article{knapik2011bayesian,
	author = {Knapik, B. T. and van der Vaart, A. W. and van Zanten, J. H.},
	journal = {The Annals of Statistics},
	pages = {2626--2657},
	publisher = {JSTOR},
	title = {Bayesian inverse problems with Gaussian priors},
	year = {2011}}

@article{szabo2015,
	doi = {10.1214/14-AOS1270},
	fjournal = {The Annals of Statistics},
	journal = {Ann. Statist.},
	month = {08},
	number = {4},
	pages = {1391--1428},
	publisher = {The Institute of Mathematical Statistics},
	title = {Frequentist coverage of adaptive nonparametric {B}ayesian credible sets},
	url = {http://dx.doi.org/10.1214/14-AOS1270},
	volume = {43},
	year = {2015},
	bdsk-url-1 = {http://dx.doi.org/10.1214/14-AOS1270}}

@article{efron1973stein,
	author = {Efron, B. and Morris, C.},
	journal = {Journal of the American Statistical Association},
	number = {341},
	pages = {117--130},
	publisher = {Taylor \& Francis Group},
	volume = {68},
	year = {1973}}

@article{pourahmadi2011covariance,
	author = {Pourahmadi, M.},
	journal = {Statistical Science},
	pages = {369--387},
	publisher = {JSTOR},
	title = {Covariance estimation: The GLM and regularization perspectives},
	year = {2011}}

@book{gelman2014bayesian,
	author = {Gelman, A. and Carlin, J. B. and Stern, H. S. and Rubin, D. B.},
	publisher = {Taylor \& Francis},
	title = {Bayesian data analysis},
	volume = {2},
	year = {2014}}

@article{rand1971objective,
	author = {Rand, W. M.},
	journal = {Journal of the American Statistical association},
	number = {336},
	pages = {846--850},
	publisher = {Taylor \& Francis Group},
	title = {Objective criteria for the evaluation of clustering methods},
	volume = {66},
	year = {1971}}

@article{higdon2002space,
	author = {Higdon, D.},
	journal = {Quantitative methods for current environmental issues},
	pages = {37--56},
	publisher = {Citeseer},
	title = {{Space and space-time modeling using process convolutions}},
	year = {2002}}

@article{ban,
	author = {Banerjee, S. and Gelfand, A. E. and Finley, A. O. and Sang, H.},
	journal = {Journal of the Royal Statistical Society: Series B (Statistical Methodology)},
	number = {4},
	pages = {825--848},
	publisher = {Wiley Online Library},
	title = {Gaussian predictive process models for large spatial data sets},
	volume = {70},
	year = {2008}}

@article{van2009adaptive,
	author = {van der Vaart, A. W. and van Zanten, J. H.},
	journal = {The Annals of Statistics},
	number = {5B},
	pages = {2655--2675},
	title = {{Adaptive Bayesian estimation using a Gaussian random field with inverse Gamma bandwidth}},
	volume = {37},
	year = {2009}}

@article{blei2006variational,
	author = {Blei, D. M. and Jordan, M. I.},
	journal = {Bayesian analysis},
	number = {1},
	pages = {121--144},
	title = {Variational inference for Dirichlet process mixtures},
	volume = {1},
	year = {2006}}
