
%% This BibTeX bibliography file was created using BibDesk.
%% http://bibdesk.sourceforge.net/

%% Created for Sonja Petrovic at 2021-11-27 23:23:40 -0600 


%% Saved with string encoding Unicode (UTF-8) 



@article{surveyAlgStatCONMchp,
	author = {Sonja Petrovi\'c},
	date-added = {2019-12-12 03:13:08 +0000},
	date-modified = {2019-12-12 03:13:39 +0000},
	journal = {Contemporary Mathematics},
	pages = {260-281},
	title = {A survey of discrete methods in (algebraic) statistics for networks},
	volume = {685},
	year = {2017}}

@article{bouquets,
	author = {Sonja Petrovi{\'c} and Apostolos Thoma and Marius Vladoiu},
	date-added = {2019-12-12 03:12:24 +0000},
	date-modified = {2019-12-12 03:12:49 +0000},
	journal = {Journal of Algebra},
	pages = {493--525},
	title = {Bouquet algebra of toric ideals},
	volume = {512},
	year = {2018}}

@article{algebraicViolators,
	author = {Jesus De Loera and Sonja Petrovi\'c and Despina Stasi},
	date-added = {2019-12-12 03:07:31 +0000},
	date-modified = {2019-12-12 03:12:02 +0000},
	journal = {Journal of Symbolic Computation},
	number = {1-15},
	title = {Random Sampling in Computational Algebra: {H}elly Numbers and Violator Spaces},
	volume = {77},
	year = {2016}}

@article{jesus7,
	author = {S. Borgwardt and J. A. De Loera and E. Finhold},
	date-added = {2019-12-12 03:04:59 +0000},
	date-modified = {2019-12-12 03:05:53 +0000},
	journal = {Mathematical Programming},
	number = {1-2},
	pages = {283--309},
	title = {The diameters of network-flow polytopes satisfy the {H}irsch conjecture},
	volume = {171},
	year = {2017}}

@article{jesus6,
	author = {Jes{\'u}s A. De Loera and Jamie Haddock and Luis Rademacher},
	date-added = {2019-12-12 03:04:08 +0000},
	date-modified = {2019-12-12 03:04:45 +0000},
	journal = {STOC 2018 Proceedings of the 50th Annual ACM SIGACT Symposium on Theory of Computing},
	title = {The minimum {E}uclidean-norm point in a convex polytope: {W}olfe's combinatorial algorithm is exponential},
	year = {2018}}

@article{jesus5,
	author = {Iskander Aliev and Jesus A. De Loera and Timm Oertel and Christopher O'Neill},
	date-added = {2019-12-12 03:02:38 +0000},
	date-modified = {2021-11-27 23:23:40 -0600},
	journal = {Siam J. Appl. Algebra Geometry},
	number = {1},
	pages = {2-39},
	title = {Sparse Solutions of Linear Diophantine Equations},
	volume = {1},
	year = {2017}}

@article{jesus4,
	author = {Jesus A. De Loera and Xavier Goaoc and Fr{\'e}d{\'e}ric Meunier and Nabil Mustafa},
	date-added = {2019-12-11 19:52:23 +0000},
	date-modified = {2019-12-11 19:53:20 +0000},
	journal = {Bulletin of American Math. Soc},
	number = {415},
	title = {The discrete yet ubiquitous theorems of {C}arath{\'e}odory, {H}elly, {S}perner, {T}ucker, and {T}verberg},
	volume = {58},
	year = {2019}}

@article{jesus3,
	author = {Jesus A. De Loera and Serkan Ho\c{s}ten and Lily Silverstein and Robert Krone},
	date-added = {2019-12-11 19:51:31 +0000},
	date-modified = {2019-12-11 19:53:33 +0000},
	journal = {Proceedings of the American Mathematical Society},
	pages = {32-39},
	title = {Average Behavior of Minimal Free Resolutions of Monomial Ideals},
	volume = {147},
	year = {2019}}

@article{jesus2,
	author = {Jesus A. De Loera and Jamie Haddock and Anna Ma and Deanna Needell},
	date-added = {2019-12-11 19:50:50 +0000},
	date-modified = {2019-12-11 19:53:26 +0000},
	journal = {Annals of Mathematics and Artificial Intelligence},
	title = {Data-driven Algorithm Selection and Parameter Tuning: Two Case studies in Optimization and Signal Processing},
	year = {Submitted}}

@article{jesus1,
	author = {I. Aliev and J. A. De Loera and F. Eisenbrand and T. Oertel and R. Weismantel},
	date-added = {2019-12-11 19:50:00 +0000},
	date-modified = {2019-12-11 19:50:34 +0000},
	journal = {SIAM Journal of Optimization},
	number = {3},
	title = {The Support of Integer Optimal Solutions},
	volume = {28},
	year = {2018}}

@article{hypergraphs-toric,
	author = {Sonja Petrovi\'c and Apostolos Thoma and Marius Vladoiu},
	date-added = {2019-12-11 19:48:43 +0000},
	date-modified = {2019-12-11 19:49:23 +0000},
	journal = {Journal of Combinatorial Theory, Series A},
	pages = {11-41},
	title = {Hypergraph encodings of arbitrary toric ideals},
	volume = {166},
	year = {2019}}

@article{karwa2016dergms,
	author = {Vishesh Karwa and Sonja Petrovi\'c and Denis Baji\'c},
	date-added = {2019-12-11 19:47:40 +0000},
	date-modified = {2019-12-11 19:48:41 +0000},
	journal = {Network Science},
	title = {{DERGM}s: Degeneracy-restricted exponential random graph models},
	year = {To appear}

@article{jalgstat-fienberg-editorial,
	author = {Sonja Petrovi\'c and Aleksandra Slavkovic and Ruriko Yoshida},
	date-added = {2019-12-11 19:45:09 +0000},
	date-modified = {2019-12-11 19:46:03 +0000},
	journal = {Journal of Algebraic Statistics},
	title = {``Old Wine in New Bottles,'' and Some More New Wine -- {S}tephen {F}ienberg's Influence on Algebraic Statistics},
	volume = {Editorial piece for the Journal of Algebraic Statistics' Special Volume in honor of memory of S.E.Fienberg},
	year = {2019}}

@article{WhatIsMB,
	author = {Sonja Petrovi\'c},
	date-added = {2019-12-11 19:44:17 +0000},
	date-modified = {2019-12-11 19:44:50 +0000},
	journal = {Notices of the American Mathematical Society},
	number = {7},
	pages = {1088},
	title = {WHAT IS... a {M}arkov basis?},
	volume = {66},
	year = {2019}}


@article{AlgStatNtwk-ARSIA,
  title={Algebraic Statistics in Practice: Applications to Networks},
  author={Casanellas, Marta and Petrovi{\'c}, Sonja and Uhler, Caroline},
  journal={Annual Review of Statistics and Its Application},
  volume={7},
  pages={227--250},
  year={2020},
  publisher={Annual Reviews}
}

@article{semigroups,
	author = {Jesus A. De Loera and Christopher O'Neill and Dane Wilburne},
	date-added = {2019-12-11 19:41:32 +0000},
	date-modified = {2019-12-11 19:42:21 +0000},
	journal = {Electronic Journal of Combinatorics},
	title = {Random numerical semigroups and a simplicial complex of irreducible semigroups.},
	year = {2018}}

@article{RMIm2,
	author = {Sonja Petrovic, Despina Stasi, Dane Wilburne},
	date-added = {2019-12-11 19:40:31 +0000},
	date-modified = {2019-12-11 19:41:08 +0000},
	journal = {Journal of Software for Algebra and Geometry},
	pages = {65--70},
	title = {Random Monomial Ideals: a {M}acaulay2 package},
	volume = {9},
	year = {2019}}

@article{RMI,
	author = {Jesus A. De Loera and Sonja Petrovi\'c and Lily Silverstein and Despina Stasi and Dane Wilburne},
	date-added = {2019-12-11 19:39:17 +0000},
	date-modified = {2019-12-11 19:40:21 +0000},
	journal = {Journal of Algebra},
	number = {1},
	pages = {440--473},
	title = {Random monomial ideals},
	volume = {519},
	year = {2019}}

@article{GKP-fienberg,
	author = {Elizabeth Gross and Vishesh Karwa and Sonja Petrovi\'c},
	date-added = {2019-12-11 19:35:12 +0000},
	date-modified = {2019-12-11 19:35:51 +0000},
	journal = {Springer volume in memory of Stephen E. Fienberg},
	title = {Algebraic statistics, tables, and networks: The Fienberg advantage},
	year = {Accepted}}
