


@article{Li2021BohmianTO,
  title={Bohmian trajectories of the time-oscillating Schr{\"o}dinger equations.},
  author={Dandan Li and Jinqiao Duan and Li Lin and Ao Zhang},
  journal={Chaos},
  year={2021},
  volume={31 10},
  pages={
          101101
        }
}


@inproceedings{Breuer2002TheTO,
  title={The Theory of Open Quantum Systems},
  author={H. P. Breuer and Francesco Petruccione},
  year={2002}
}

@article{Lidar2019LectureNO,
  title={Lecture Notes on the Theory of Open Quantum Systems},
  author={Daniel A. Lidar},
  journal={arXiv: Quantum Physics},
  year={2019}
}

@article{Macieszczak2021TheoryOC,
  title={Theory of classical metastability in open quantum systems},
  author={Katarzyna Macieszczak and Dominic C Rose and Igor Lesanovsky and Juan P. Garrahan},
  journal={Physical Review Research},
  year={2021}
}

@inproceedings{Rose2019MetastabilityRA,
  title={Metastability, resets and large deviations in open quantum systems},
  author={Dominic C Rose},
  year={2019}
}

@inproceedings{Weiss1993QuantumDS,
  title={Quantum Dissipative Systems},
  author={Ulrich Weiss},
  year={1993}
}

@inproceedings{Rivas2011OpenQS,
  title={Open Quantum Systems: An Introduction},
  author={'Angel Rivas and Susana F. Huelga},
  year={2011}
}


@article{ZHANG2020132573,
title = {Effective wave factorization for a stochastic Schrödinger equation},
journal = {Physica D: Nonlinear Phenomena},
volume = {411},
pages = {132573},
year = {2020},
issn = {0167-2789},
doi = {https://doi.org/10.1016/j.physd.2020.132573},
url = {https://www.sciencedirect.com/science/article/pii/S0167278919307468},
author = {Ao Zhang and Jinqiao Duan}
 }

@article{raymer2019us,
  title={The US national quantum initiative},
  author={Raymer, Michael G and Monroe, Christopher},
  journal={Quantum Science and Technology},
  volume={4},
  number={2},
  pages={020504},
  year={2019},
  publisher={IOP Publishing}
}


@article{tappert2019experience,
  title={Experience Teaching Quantum Computing.},
  author={Tappert, Charles C and Frank, Ronald I and Barabasi, Istvan and Leider, Avery M and Evans, Daniel and Westfall, Lewis},
  journal={Association Supporting Computer Users in Education},
  year={2019},
  publisher={ERIC}
}


@article{fox2020preparing,
  title={Preparing for the quantum revolution: What is the role of higher education?},
  author={Fox, Michael FJ and Zwickl, Benjamin M and Lewandowski, HJ},
  journal={Physical Review Physics Education Research},
  volume={16},
  number={2},
  pages={020131},
  year={2020},
  publisher={APS}
}

@article{monroe2019us,
  title={The US national quantum initiative: From act to action},
  author={Monroe, Christopher and Raymer, Michael G and Taylor, Jacob},
  journal={Science},
  volume={364},
  number={6439},
  pages={440--442},
  year={2019},
  publisher={American Association for the Advancement of Science}
}

@article{park2020us,
  title={US Department of Energy launches grant program in quantum materials},
  author={Park, Clinton},
  journal={MRS Bulletin},
  volume={45},
  number={4},
  pages={259--260},
  year={2020},
  publisher={Cambridge University Press}
}

@misc{mervis2016nsf,
  title={NSF makes a new bid to boost diversity},
  author={Mervis, Jeffrey},
  year={2016},
  publisher={American Association for the Advancement of Science}
}

@article{cornet2021overview,
  title={Overview of Quantum Technologies, Standards, and their Applications in Mobile Devices},
  author={Cornet, Brian and Fang, Hua and Wang, Honggang},
  journal={GetMobile: Mobile Computing and Communications},
  volume={24},
  number={4},
  pages={5--9},
  year={2021},
  publisher={ACM New York, NY, USA}
}

@article{taylor2020quantum,
  title={Quantum Artificial Intelligence: A “precautionary” US approach?},
  author={Taylor, Richard D},
  journal={Telecommunications Policy},
  volume={44},
  number={6},
  pages={101909},
  year={2020},
  publisher={Elsevier}
}

@article{ng2020guest,
  title={Guest editorial advances in quantum communications, computing, cryptography, and sensing},
  author={Ng, Soon Xin and Conti, Andrea and Long, Gui-Lu and Muller, Peter and Sayeed, Akbar and Yuan, Jinhong and Hanzo, Lajos},
  journal={IEEE Journal on Selected Areas in Communications},
  volume={38},
  number={3},
  pages={405--412},
  year={2020},
  publisher={IEEE}
}

@article{gibney2019quantum,
  title={The quantum gold rush},
  author={Gibney, Elizabeth},
  journal={Nature},
  volume={574},
  number={7776},
  pages={22--24},
  year={2019},
  publisher={Macmillan Publishers Ltd., London, England}
}

@article{kania2018quantum,
  title={Quantum Hegemony},
  author={Kania, Elsa B and Costello, John K},
  journal={Center for New American Security},
  volume={12},
  year={2018}
}

@article{foti2021quantum,
  title={Quantum Physics Literacy Aimed at K12 and the General Public},
  author={Foti, Caterina and Anttila, Daria and Maniscalco, Sabrina and Chiofalo, Maria Luisa},
  journal={Universe},
  volume={7},
  number={4},
  pages={86},
  year={2021},
  publisher={Multidisciplinary Digital Publishing Institute}
}

@article{riedel2019europe,
  title={Europe’s quantum flagship initiative},
  author={Riedel, Max and Kovacs, Matyas and Zoller, Peter and Mlynek, J{\"u}rgen and Calarco, Tommaso},
  journal={Quantum Science and Technology},
  volume={4},
  number={2},
  pages={020501},
  year={2019},
  publisher={IOP Publishing}
}

@article{waalkens2007wigner,
  title={Wigner's dynamical transition state theory in phase space: classical and quantum},
  author={Waalkens, Holger and Schubert, Roman and Wiggins, Stephen},
  journal={Nonlinearity},
  volume={21},
  number={1},
  pages={R1},
  year={2007},
  publisher={IOP Publishing}
}




@book{agaoglou_chemical_2019,
	title        = {{Chemical Reactions: A Journey into Phase Space}},
	author       = {Agaoglou, Makrina and
	Aguilar-Sanjuan, Broncio and
	Garc{\'i}a-Garrido, V{\'i}ctor Jose and
	Garc{\'i}a-Meseguer, Rafael and
	Gonz{\'a}lez-Montoya, Francisco and
	Katsanikas, Matthaios and
	Kraj{\v n}{\'a}k, Vladimir and
	Naik, Shibabrat and
	Wiggins, Stephen},
	publisher    = {Zenodo v0.1.0},
	version      = {0.1.0},
	note 		 = {\url{https://www.chemicalreactions.io} (EPSRC Grant Number: EP/P021123/1)},
	doi          = {10.5281/zenodo.3568210},
	url          = {https://doi.org/10.5281/zenodo.3568210},
	month        = {Dec},
	year         = {2019},
}

@book{ldbook2020,
author = {Agaoglou, M. and Aguilar-Sanjuan, B. and Garc{\'i}a-Garrido, V. J. and Gonz{\'a}lez-Montoya, F. and Katsanikas, M. and  Kraj{\v n}{\'a}k, V. and Naik, S. and Wiggins, S.},
title = {Lagrangian Descriptors: Discovery and Quantification of Phase Space Structure and Transport},
year = {2020},
doi = {10.5281/zenodo.3958985},
publisher = {zenodo: 10.5281/zenodo.3958985}
}


%%% QM books

@inproceedings{Shankar2010PrinciplesOQ,
  title={Principles of Quantum Mechanics},
  author={R. Shankar},
  year={1994},
    publisher = {2nd Edition, Springer}
}


@inproceedings{Holland1993TheQT,
  title={The Quantum Theory of Motion: An Account of the de Broglie-Bohm Causal Interpretation of Quantum Mechanics},
  author={P. Holland},
  year={1993}
  publisher = {Cambridge University Press}
}


@book{Bohmian,
author = {J. Dürr   and S. Teufel},
title = {Bohmian Mechanics:
The Physics and Mathematics of Quantum Theory },
year = {2009}, 
publisher = {Springer}
}

 

@inproceedings{Micha2006QuantumDW,
  title={Quantum dynamics with trajectories. Introduction to quantum hydrodynamics},
  author={D. Micha},
  year={2006}
}
 


@inproceedings{Dittrich2016,
  title={Classical and Quantum Dynamics from Classical Paths to Path Integrals. 4th Edition.},
  author={Dittrich, Walter and Reuter, Martin},
  year={2016},
  publisher = {Springer}
}

@inproceedings{Gutzwiller1990ChaosIC,
  title={Chaos in classical and quantum mechanics},
  author={M. Gutzwiller and J. V. Jos{\'e}},
  year={1990}
}

@inproceedings{Griffiths2018IntroductionTQ,
  title={Introduction to Quantum Mechanics},
  author={D. Griffiths and D. Schroeter},
  year={2018}
}
 
 @inproceedings{Nagasawa2000StochasticPI,
  title={Stochastic Processes in Quantum Physics},
  author={M. Nagasawa},
  year={2000}
}

 

@article{Lindgren2019QuantumMC,
  title={Quantum mechanics can be understood through stochastic optimization on spacetimes},
  author={Jussi Lindgren and J. Liukkonen},
  journal={Scientific Reports},
  year={2019},
  volume={9}
}

@article{Berndl1995OnTG,
  title={On the global existence of Bohmian mechanics},
  author={K. Berndl and D. D{\"u}rr and S. Goldstein and G. Peruzzi and N. Zangh{\'i}},
  journal={Communications in Mathematical Physics},
  year={1995},
  volume={173},
  pages={647-673}
}


@article{Nurdin2019QuantumSP,
  title={Quantum Stochastic Processes and the Modelling of Quantum Noise},
  author={H. Nurdin},
  journal={ArXiv},
  year={2019},
  volume={abs/1907.11901}
}



@inproceedings{Beard2008ChemicalBQ,
  title={Chemical Biophysics: Quantitative Analysis of Cellular Systems},
  author={D. Beard and Hong Qian},
  year={2008}
}