%%%  Duan:  Stochastics references bib file


@article{ ,
	Author = { },
	Journal = {   },
	Number = { },
	Pages = { },
	Title = {    },
	Volume = { },
	Year = { }}



@book{ ,
  title={ },
  author="{ }",
  year={  },
  address={   },
  publisher={    }
}

%%%%%%%%%%%%%%%%    Stochastic  Books

@book{DuanBook2015,
  title={An Introduction to Stochastic Dynamics},
  author={Duan, J.},
  year={2015},
  address={New York},
  publisher={Cambridge University Press}
}


 

@BOOK{DuanWangBook2014,
        AUTHOR={Duan, J. and Wang, W.},
        TITLE={Effective Dynamics of  Stochastic Partial Differential Equations},
        PUBLISHER={Elesvier, New York},
        YEAR={2014},
}

@inbook{WaymireDuan,
	editor = {Waymire, E. and Duan, J.},
	Date-Added = {2015-11-28 02:12:07 +0000},
	Date-Modified = {2015-11-28 02:22:54 +0000},
	Keywords = {stochastics},
	Publisher = {Springer-Verlag},
	Title = {Probability and Partial Differential Equations in Modern
Applied Mathematics},
	Year = {2005}}

@book{Arnold,
  title   = " Random dynamical systems ",
  year   = "2003",
 publisher=" Springer ",
  author  = "Arnold, L. "
}

@book{Horsthemke2006,
  title   = " Noise-induced transitions ",
  year   = "2006",
 publisher=" Springer ",
  author  = " W. Horsthemke and R. Lefever "
}



@BOOK{Oksendal,
        AUTHOR={Oksendal, B. K.},
        TITLE={Stochastic Differential Equations : an Introduction with Applications},
        PUBLISHER={Springer, 6th Edition},
        YEAR={2003},
}

@BOOK{Oksendal3,
        AUTHOR={Oksendal, B. K.},
        TITLE={Applied Stochastic Control Of Jump Diffusions},
        PUBLISHER={Springer-Verlag},
        YEAR={2005},
        ADDRESS = "New York",
}



@BOOK{Garc1999,
        AUTHOR={Garcia-Ojalvo, J. and Sancho, J. M.},
        TITLE={Noise in Spatially Extended Systems},
        PUBLISHER={Springer},
        YEAR={1999},
}


@BOOK{Kuni1990,
        AUTHOR={Kunita, H.},
        TITLE={Stochastic Flows and Stochastic Differential Equations},
        PUBLISHER={Cambridge University Press},
        YEAR={2003},
}


@BOOK{PZ,
        AUTHOR ="S. Peszat and J. Zabczyk",
        TITLE = "Stochastic Partial Differential Equations with L{\'e}vy
Processes",
        PUBLISHER = "Cambridge University Press",
        YEAR = "2007",
        ADDRESS = "Cambridge, U.K.",
        PAGES = " "
}

@BOOK{Sato-99,
        AUTHOR={K. Sato},
        TITLE={L\'evy Processes and infinitely divisible distributions},
        PUBLISHER={Cambridge University Press},
        ADDRESS = "Cambridge, U.K.",
        YEAR={1999},
}


@BOOK{Schuss,
        AUTHOR ="Z. Schuss",
        TITLE = "Theory and Applications of Stochastic Differential Equations",
        PUBLISHER = "Wiley $\&$ Sons",
        YEAR = "1980",
        ADDRESS = "New York"
}

@BOOK{Shlesinger,
        AUTHOR ="M. F. Shlesinger and G. M. Zaslavsky  and U.  Frisch",
        TITLE = "L\'evy Flights and Related Topics in Physics",
        SERIES = "Lecture Notes in Physics, 450",
        PUBLISHER = "Springer-Verlag",
        YEAR = "1995"}


@INPROCEEDINGS{Woy,
        AUTHOR ="W. A. Woyczynski",
        TITLE = "L\'evy processes in the physical sciences",
        BOOKTITLE = "L\'evy Processes: Theory and Applications",
        EDITOR = "O.  E. Barndorff-Nielsen and T. Mikosch and S. I. Resnick",
        PUBLISHER = "Birkhauser",
        ADDRESS = "Boston",
        YEAR = "2001",
        PAGES = "241-266"}



@INPROCEEDINGS{Kunita2004,
        AUTHOR ="H.   Kunita",
        TITLE = "Stochastic differential equations based on
L\'evy processes and stochastic flows of diffeomorphisms",
        BOOKTITLE = "Real and Stochastic Analysis",
        PUBLISHER = "Trends Math., Birkhuser Boston",
        YEAR = "2004",
        PAGES = "305-373"}






%%% Biophysical dynamics

@article{Lin2016GeneED,
  title={Gene expression dynamics with stochastic bursts: Construction and exact results for a coarse-grained model.},
  author={Y. Lin and C. Doering},
  journal={Physical review. E},
  year={2016},
  volume={93 2},
  pages={
          022409
        }
}

@article{Ruoff2018BiologicalCR,
  title={Biological Clocks, Rhythms, and Oscillations: The Theory of Biological Timekeeping (by Daniel B. Forger)},
  author={P. Ruoff},
  journal={Journal of Biological Rhythms},
  year={2018},
  volume={33},
  pages={446 - 447}
}


@article{Raser2005,
  title={Noise in gene expression: origins, consequences, and control},
  author="{Raser, J. M., and O'Shea, E. K.}",
  journal={Science},
  volume={309},
  number={5743},
  pages={2010-2013},
  year={2005}}

%%%%%%%% Networks, graphs, powergrids 

@article{MEDJROUBI201714,
title = {Open Data in Power Grid Modelling: New Approaches Towards Transparent Grid Models},
journal = {Energy Reports},
volume = {3},
pages = {14-21},
year = {2017},
issn = {2352-4847},
doi = {https://doi.org/10.1016/j.egyr.2016.12.001}, 
author = {Wided Medjroubi and Ulf Philipp Müller and Malte Scharf and Carsten Matke and David Kleinhans},
 }

@inproceedings{Calines2008MonitoringSF,
  title={Monitoring schedules for randomly deployed sensor networks},
  author={Gruia Calinescu and Robert B. Ellis},
  booktitle={DIALM-POMC '08},
  year={2008}
}

@misc{karwa2016statistical,
      title={Statistical models for cores decomposition of an undirected random graph}, 
      author={Vishesh Karwa and Michael J. Pelsmajer and Sonja Petrović and Despina Stasi and Dane Wilburne},
      year={2016},
      eprint={1410.7357},
      archivePrefix={arXiv},
      primaryClass={math.ST}
}

%%%%% SPDEs 
@article{Lv2016OnAS,
  title={On a stochastic nonlocal conservation law in a bounded domain},
  author={G. Lv and Jinqiao Duan and H. Gao and Jiang-Lun Wu},
  journal={Bulletin Des Sciences Mathematiques},
  year={2016},
  volume={140},
  pages={718-746}
}


%%%%% Geophysics: Climate and  Ice Dynamics



@article{YangDuanWiggins2020,
	Author = {F. Yang and Y. Zheng and  J. Duan and L. Fu and S. Wiggins },
	Journal = {Chaos   },
	Number = { },
	Pages = { 063125},
	Title = {The tipping times in an Arctic sea ice system under influence of extreme events},
	Volume = {30 },
	Year = {2020 }}



@article{ZhengYY2020,
	Author = {Y. Zheng and  F. Yang and J. Duan and X. Sun and  L. Fu and J. Kurths },
	Journal = {Chaos   },
	Number = { },
	Pages = { 013132},
	Title = {The maximum likelihood climate change for global warming under the influence of greenhouse effect and  L\'evy noise},
	Volume = {30 },
	Year = {2020 }}

@article{Alexandrov2020NonlinearCD,
  title={Nonlinear climate dynamics: From deterministic behavior to stochastic excitability and chaos},
  author={D. Alexandrov and I. Bashkirtseva and L. Ryashko and M. Crucifix},
  journal={Physics Reports},
  year={2020}
}

@inproceedings{Wan2020ADF,
  title={A data-driven framework for the stochastic parametrization and reconstruction of small-scale features in climate models},
  author={Z. Y. Wan and B. Dodov and C. Lessig and H. Dijkstra and T. Sapsis},
  year={2020}
}
 

@inproceedings{Franzke2017NonlinearAS,
  title={Nonlinear and Stochastic Climate Dynamics},
  author={C. Franzke and T. O'Kane},
  year={2017}
}

@article{WeiPY2020,
	Author = {Athanasios Tsiairis and  Pingyuan Wei and  Ying Chao and Jinqiao Duan },
	Journal = {Physica A  	arXiv:1912.00471   },
	Number = { },
	Pages = { },
	Title = {Maximal likely phase lines for a reduced ice growth model    },
	Volume = { },
	Year = {2020 }}





@article{DannyTesfay,
	Author = {D. Tesfay and  P. Wei and Y. Zheng and  J. Duan   and J. Kurths },
	Journal = {Appl. Math. Comput.   },
	Number = {11 },
	Pages = {124868 },
	Title = {Transitions between metastable states in a simplified model for the thermohaline circulation under
random  fluctuations    },
	Volume = {26 },
	Year = {2019 }}



@article{Rampal2009,
	Author = {P. Rampal and J. Weiss and D. Marsan and M. Bourgoin},
	Journal = {J. Geophys. Res.   },
	Number = { },
	Pages = {C10014 },
	Title = {Arctic sea ice velocity field: General  circulation and turbulent-like fluctuations    },
	Volume = { 114},
	Year = {2009 }}



@article{Agarwal2017,
	Author = {S. Agarwal and J. S. Wettlaufer },
	Journal = {J. of Climate   },
	Number = {7 },
	Pages = {4873--4881 },
	Title = {The Statistical Properties of Sea Ice Velocity Fields    },
	Volume = {30 },
	Year = {2017}}


%%%%  Stoch Hamiltonian systems






@article{Contact2019,
	Author = {Manuel de Leon  and Manuel Lainz Valcazar },
	Journal = {J. Math. Phys.   },
	Number = { },
	Pages = {102902 },
	Title = {Contact Hamiltonian systems   },
	Volume = {60 },
	Year = { 2019}}





@article{Contact2017,
	Author = {Alessandro Bravetti },
	Journal = {Entropy    },
	Number = { },
	Pages = {535 },
	Title = {Contact Hamiltonian Dynamics: The Concept and Its Use    },
	Volume = {19},
	Year = {2017 }}



@article{mw1,
	Author = {I. Mezic and S. Wiggins},
	Journal = {J. Nonlinear Sci.},
	Pages = {157-194},
	Title = {On the integrability and perturbation of three-dimensional fluid flows with symmetry},
	Volume = {4},
	Year = {1994}}




%%%%  Stoch dynamics: Duan et al


 @article{Liu2019LvyNI,
  title={L{\'e}vy noise induced escape in the Morris-Lecar model},
  author={Yancai Liu and Rui Cai and Jinqiao Duan},
  journal={Physica A-statistical Mechanics and Its Applications},
  year={2019},
  volume={531},
  pages={121785}
}

@article{YangDuan2020,
	Author = {Y. Li and  J.  Duan and X.  Liu  and Y. Zhang},
	Journal = {Chaos  },
	Number = { },
	Pages = {063142 },
	Title = {Most probable dynamics of stochastic dynamical systems with exponentially light jump fluctuations    },
	Volume = {30 },
	Year = {2020 }}


@article{YongeLi2020,
	Author = {Y. Li and  R. Mei and  Y. Xu and  J. Kurths and  J.  Duan and R. Metzler },
	Journal = {New J. Phys.   },
	Number = { },
	Pages = {https://doi.org/10.1088/1367-2630/ab81b9 },
	Title = {Particle dynamics and transport enhancement in a confined channel with position-dependent diffusivity    },
	Volume = { },
	Year = {2020 }}



@article{WeiPY2019,
	Author = { P. Wei and  Y. Chao and J. Duan},
	Journal = {Physica D   },
	Number = { },
	Pages = {69-83 },
	Title = {Hamiltonian Systems with L\'evy Noise: Symplecticity, Hamilton's Principle and Averaging Principle},
	Volume = {398 },
	Year = {2019 }}



@article{HuangYF,
	Author = { Y.  Huang and Y. Chao and S. Yuan  and J. Duan},
	Journal = {J. Stat. Mech.   },
	Number = { },
	Pages = {063204 },
	Title = {Characterization of the Most Probable Transition Paths of Stochastic Dynamical Systems with Stable L\'{e}vy Noise},
	Volume = { },
	Year = {2019 }}




@article{HuangYF2020,
	Author = {Y. Huang and Y. Chao and  W. Wei  and J. Duan },
	Journal = {Physica D},
	Number = { },
	Pages = {  },
	Title = {Estimating the most probable transition
time for stochastic dynamical systems },
	Volume = { },
	Year = {2021}}



%%%%%%%%%%

@article{ZhangZhuanDuan,
	Author = {Y. Zhang and Z. Cheng and X. Zhang and X. Chen and J. Duan and X. Li },
	Journal = {J. Statistical Mech   },
	Number = { },
	Pages = { 113401},
	Title = {Data assimilation and parameter estimation for a multiscale stochastic system
with alpha-stable {L}\'evy noise},
	Volume = { },
	Year = {2017 }}



@article{SXu-JDuan,
	Author = {S. Xu and J. Duan },
	Journal = {Applied Mathematics and Computation   },
	Number = { },
	Pages = {9532--9542 },
	Title = {A  {T}aylor expansion approach for solving partial differential equations
with random {N}eumann boundary conditions    },
	Volume = {217 },
	Year = {2011 }}

@article{ZhengDuan2017,
	Author = {L. Serdukova and Y. Zheng and  J. Duan and J. Kurths },
	Journal = {Scientific Reports   },
	Number = { },
	Pages = { 9336},
	Title = {Metastable phenomena in a dynamical system with discontinuous vector field    },
	Volume = {7},
	Year = {2017 }}


@article{SunDuan2015,
	Author = {X. Sun and J. Duan and  X. Li and X. Wang },
	Journal = {Banach Center Publications   },
	Number = { },
	Pages = {239--246 },
	Title = {State estimation under non-Gaussian {L}\'evy noise: A modified {K}alman filtering method},
	Volume = {105 },
	Year = { 2015}}


@article{RenDuanWang,
	Author = {J. Ren and J. Duan and X. Wang },
	Journal = {Applied Math. Modelling   },
	Number = { },
	Pages = {3721--3732},
	Title = {A parameter estimation method based on random slow manifolds    },
	Volume = {39 },
	Year = {2015 }}


@article{RenDuan2015,
	Author = {J. Ren and J. Duan and C. K. R. T. Jones },
	Journal = {J. Dyn. Diff. Eqns   },
	Number = {3 },
	Pages = {961--979 },
	Title = {Approximation of random slow manifolds and settling of inertial particles under uncertainty},
	Volume = {27 },
	Year = {2015 }}


@article{GaoTing2016a,
	Author = {T. Gao and J. Duan and X. Kan and Z. Cheng },
	Journal = {J. Phys. A: Math. Theoret.   },
	Number = { },
	Pages = { 294002},
	Title = { Dynamical Inference for Transitions in  Stochastic Systems with $\alpha-$stable  {L}\'evy Noise   },
	Volume = { 49},
	Year = { 2016}}



@article{QiaoDuan2019,
	Author = {Y. Zhang and H. Qiao and J. Duan },
	Journal = { Applied Mathematics and Optimization  },
	Number = { },
	Pages = {https://doi.org/10.1007/s00245-018-9552-3 },
	Title = {Effective filtering analysis for non-{G}aussian dynamic systems},
	Volume = { },
	Year = { 2019}}


@article{QiaoDuan2018 ,
	Author = { H. Qiao and  Y. Zhang and  J. Duan},
	Journal = { Nonlinearity  },
	Number = { },
	Pages = {4649-4666 },
	Title = {Effective filtering on a random slow manifold    },
	Volume = {31 },
	Year = {2018 }}



@article{ChaoDuanOM,
	Author = {Y. Chao and J. Duan },
	Journal = {Nonlinearity },
	Number = { },
	Pages = { 3715 - 3741 },
	Title = {The {O}nsager-{M}achlup Function as {L}agrangian for the Most Probable Path of a Jump-diffusion Process},
	Volume = {32  },
	Year = {2019 }}


@article{ChenDuan2010,
	Author = {B. Chen and J. Duan },
	Journal = {Interdisciplinary Math. Sci.   },
	Number = { },
	Pages = {67--76 },
	Title = {Stochastic Quantification of Missing Mechanisms  in Dynamical Systems},
	Volume = {8 },
	Year = {2010 }}


@article{Duan2009,
	Author = {J. Duan },
	Journal = { Frontiers of Math. in China  },
	Number = { },
	Pages = {425--436 },
	Title = {Stochastic Modeling of Unresolved Scales in Complex Systems   },
	Volume = {4 },
	Year = {2009 }}

@article{BrannanDuanErvin1,
    AUTHOR = {J. Brannan  and J. Duan  and V. Ervin},
     TITLE = {Escape probability, mean residence time and geophysical fluid
 particle  dynamics},
   JOURNAL = {Physica D},
    VOLUME = {133},
      YEAR = {1999},
    NUMBER = {},
     PAGES = {23-33},
}

@article{BrannanDuanErvin2,
    AUTHOR = {Brannan, J. and Duan, J. and Ervin, V.},
     TITLE = {Escape probability and mean residence time in random flows with
unsteady drift},
   JOURNAL = {Mathematical Problems in Engineering},
    VOLUME = {7},
      YEAR = {2001},
    NUMBER = {},
     PAGES = {55-65},
}



@article{WangDuan2015 ,
    AUTHOR = {X. Wang and  J. Duan and X. Li and Y. Luan},
     TITLE = {Numerical methods for the mean exit time and escape probability of
two-dimensional stochastic dynamical systems with non-{G}aussian noises},
   JOURNAL = {Appl. Math. Comput.},
    VOLUME = {258},
      YEAR = {2015},
    NUMBER = {},
     PAGES = {282--295},
}


@article{ZhuanDuan,
  title   = " Most probable dynamics of some nonlinear systems under noisy fluctuatuons ",
  journal = " Commun. Nonlinear Sci. Numer. Simulat. ",
  volume  = "30",
   pages   = "108--114",
  year    = "2016",
  author  = " Z.  Cheng and J.  Duan  and  L. Wang"
}



@article{Gao2016,
  title   = " Fokker-{P}lanck equations for stochastic dynamical systems with symmetric {L}\'evy motions",
  journal = " Appl. Math. Comput. ",
  volume  = "278",
   pages   = "1--20",
  year    = "2016",
   author  = " T. Gao and J. Duan and X. Li"
}


@article{GaoTing2014,
	Author = {Gao, T. and Duan, J. and Li, X. and Song, R.},
	Journal = {SIAM J. Sci. Comput.},
	Keywords = {stochastics},
	Title = {Mean exit time and escape probability for dynamical systems driven by {L}\'evy noise},
	Volume = {36(3)},
	pages = {A887--A906},
	Year = {2014}}

@article{GaoTing2016,
	Author = {Gao, T. and Duan, J. and Li, X.},
	Journal = {Applied Math. and Comput.},
	Keywords = {stochastics},
	Title = {Fokker-{P}lanck equations for stochastic dynamical systems with symmetric {L}\'evy motions},
	Volume = {278},
	pages = {1--20},
	Year = {2016}}






@article{YangDuan,
        Author  = "Z. Yang and J. Duan",
        Title   = "An intermediate regime for exit phenomena
driven by non-{G}aussian {L}\'evy noises",
        Journal = "Stochastics and Dynamics",
        Year    = "2008",
        Volume  = "8",
        Pages   = "583-591"}


@article{Schertzer,
        Author  = "D. Schertzer and M. Larcheveque and J. Duan and V. Yanovsky and S. Lovejoy",
        Title   = "Fractional {F}okker--{P}lanck equation for  nonlinear stochastic
differential equations driven by non-{G}aussian {L}\'evy stable noises",
        Journal = "J. Math. Phys.",
        Year    = "2001",
        Volume  = "42",
        Pages   = "200-212"}




@article{WH,
  title   = " A Stochastic Pitchfork Bifurcation in Most Probable Phase Portraits ",
  journal = " International Journal of Bifurcation \& Chaos ",
  volume  = "28",
  number  = "1",
  year    = "2018",
  author  = " H. Wang and X. Chen and J. Duan "
}



@article{ChenXP,
  title   = " A sufficient condition for bifurcation in random dynamical systems ",
  journal = " Proceedings of the American Mathematical Society ",
  volume  = "138",
  pages   = " 965--973 ",
  year    = "2009",
  author  = " X. Chen and J. Duan and X. Fu "
}



@article{DuanAML2010,
	Author = {Duan, J and Fischer, P and Iliescu, Traian and {\"O}zg{\"o}kmen, Tamay M},
	Date-Added = {2015-11-30 18:32:46 +0000},
	Date-Modified = {2015-11-30 18:33:02 +0000},
	Journal = {Applied Mathematics Letters},
	Keywords = {stochastics},
	Number = {4},
	Pages = {453--456},
	Publisher = {Elsevier},
	Title = {Bridging the {B}oussinesq and primitive equations through spatio-temporal filtering},
	Volume = {23},
	Year = {2010}}

@article{CSun,
	Author = {Sun, Chengfeng and Gao, Hongjun and Duan, Jinqiao and Schmalfu{\ss}, Bj{\"o}rn},
	Date-Added = {2015-11-30 18:34:53 +0000},
	Date-Modified = {2015-11-30 18:35:03 +0000},
	Journal = {Journal of Differential Equations},
	Keywords = {stochastics},
	Number = {6},
	Pages = {1269--1296},
	Publisher = {Elsevier},
	Title = {Rare events in the {B}oussinesq system with fluctuating dynamical boundary conditions},
	Volume = {248},
	Year = {2010}}

@article{XuDuan,
	Author = {Xu, Shengqiang and Duan, Jinqiao},
	Date-Added = {2015-11-30 18:37:14 +0000},
	Date-Modified = {2015-11-30 18:37:31 +0000},
	Journal = {Applied Mathematics and Computation},
	Keywords = {stochastics},
	Number = {23},
	Pages = {9532--9542},
	Publisher = {Elsevier},
	Title = {A  {T}aylor expansion approach for solving partial differential equations with random
{N}eumann boundary conditions},
	Volume = {217},
	Year = {2011}}

@incollection{JYangDuan,
	Author = {Yang, Jiarui and Duan, Jinqiao},
	Booktitle = {Stochastic Analysis with Financial Applications},
	Date-Added = {2015-11-30 18:44:42 +0000},
	Date-Modified = {2015-11-30 18:46:17 +0000},
	Keywords = {stochastics},
	Pages = {221--252},
	Publisher = {Springer},
	Title = {Quantifying model uncertainties in complex systems},
	Year = {2011}}

@article{DuanGaoHe,
	Author = {Duan, J. and Gao, T. and He, G.},
	Journal = {Interdisciplinary Mathematical Sciences},
	Keywords = {stochastics},
	Publisher = {World Scientific},
	Title = {Quantifying Missing Mechanisms in the Space of Probability Measures},
	Volume = {13},
	Pages = {99--110},
	Year = {2012}}

@article{YongXuDuan,
	Author = {Xu, Yong and Duan, Jinqiao and Xu, Wei},
	Date-Added = {2015-11-30 18:53:56 +0000},
	Date-Modified = {2015-11-30 18:54:12 +0000},
	Journal = {Physica D: Nonlinear Phenomena},
	Keywords = {stochastics},
	Number = {17},
	Pages = {1395--1401},
	Publisher = {Elsevier},
	Title = {An averaging principle for stochastic dynamical systems with {L}{\'e}vy noise},
	Volume = {240},
	Year = {2011}}

@article{YongXu,
	Author = {Xu, Yong and Gu, Rencai and Zhang, Huiqing and Xu, Wei and Duan, Jinqiao},
	Date-Added = {2015-11-30 18:55:40 +0000},
	Date-Modified = {2015-11-30 18:55:51 +0000},
	Journal = {Physical Review E},
	Keywords = {stochastics},
	Number = {5},
	Pages = {056215},
	Publisher = {APS},
	Title = {Stochastic bifurcations in a bistable {D}uffing--{V}an der {P}ol oscillator with colored noise},
	Volume = {83},
	Year = {2011}}

@article{HaoDuan2,
	Author = {Hao, Mengli and Duan, Jinqiao and Song, Renming and Xu, Wei},
	Date-Added = {2015-11-30 18:58:01 +0000},
	Date-Modified = {2015-11-30 18:58:12 +0000},
	Journal = {Applied Mathematical Modelling},
	Keywords = {stochastics},
	Number = {17},
	Pages = {4428--4444},
	Publisher = {Elsevier},
	Title = {Asymmetric non-{G}aussian effects in a tumor growth model with immunization},
	Volume = {38},
	Year = {2014}}

@article{RenDuan2,
	Author = {Ren, Jian and Li, Chujin and Gao, Ting and Kan, Xingye and Duan, Jinqiao},
	Date-Added = {2015-11-30 19:02:06 +0000},
	Date-Modified = {2015-11-30 19:02:22 +0000},
	Journal = {International Journal of Bifurcation and Chaos},
	Keywords = {stochastics},
	Number = {04},
	Pages = {1250090},
	Publisher = {World Scientific},
	Title = {Mean exit time and escape probability for a tumor growth system under non-{G}aussian noise},
	Volume = {22},
	Year = {2012}}

@article{LiuDuan1,
	Author = {Liu, Xianming and Duan, Jinqiao and Liu, Jicheng and Kloeden, Peter E},
	Date-Added = {2015-11-30 19:04:17 +0000},
	Date-Modified = {2015-11-30 19:04:26 +0000},
	Journal = {International Journal of Stochastic Analysis},
	Keywords = {stochastics},
	Publisher = {Hindawi Publishing Corporation},
	Title = {Synchronization of dissipative dynamical systems driven by non-{G}aussian {L{\'e}vy} noises},
	Volume = {2010},
	Year = {2010}}

@article{Qiao2,
	Author = {Qiao, Huijie and Duan, Jinqiao},
	Date-Added = {2015-11-30 19:06:49 +0000},
	Date-Modified = {2015-11-30 19:06:57 +0000},
	Journal = {Stochastics and Dynamics},
	Keywords = {stochastics},
	Number = {01},
	Pages = {1550004},
	Publisher = {World Scientific},
	Title = {Asymptotic methods for stochastic dynamical systems with small non-{G}aussian {L}{\'e}vy noise},
	Volume = {15},
	Year = {2015}}

@article{Qiao3,
	Author = {Qiao, Huijie and Duan, Jinqiao},
	Date-Added = {2015-11-30 19:08:37 +0000},
	Date-Modified = {2015-11-30 19:08:48 +0000},
	Journal = {Stochastics and Dynamics},
	Keywords = {stochastics},
	Number = {01},
	Pages = {1350007},
	Publisher = {World Scientific},
	Title = {Topological equivalence for discontinuous random dynamical systems and applications},
	Volume = {14},
	Year = {2014}}

@article{SunDuan3,
	Author = {Sun, Xu and Duan, Jinqiao},
	Date-Added = {2015-11-30 19:10:57 +0000},
	Date-Modified = {2015-11-30 19:11:20 +0000},
	Journal = {Journal of Mathematical Physics},
	Keywords = {stochastics},
	Number = {7},
	Pages = {072701},
	Publisher = {AIP Publishing},
	Title = {Fokker-{P}lanck equations for nonlinear dynamical systems driven by non-{G}aussian {L}{\'e}vy processes},
	Volume = {53},
	Year = {2012}}

@article{ChenDuanFu,
	Author = {Chen, Xiaopeng and Duan, Jinqiao and Fu, Xinchu},
	Date-Added = {2015-11-30 19:13:43 +0000},
	Date-Modified = {2015-11-30 19:13:54 +0000},
	Journal = {Proceedings of the American Mathematical Society},
	Keywords = {stochastics},
	Number = {3},
	Pages = {965--973},
	Title = {A sufficient condition for bifurcation in random dynamical systems},
	Volume = {138},
	Year = {2010}}

@article{ChenDuanZhang,
	Author = {Chen, Guanggan and Duan, Jinqiao and Zhang, Jian},
	Date-Added = {2015-11-30 19:17:03 +0000},
	Date-Modified = {2015-11-30 19:17:13 +0000},
	Journal = {Journal of Functional Analysis},
	Keywords = {stochastics},
	Number = {8},
	Pages = {2663--2697},
	Publisher = {Elsevier},
	Title = {Slow foliation of a slow--fast stochastic evolutionary system},
	Volume = {267},
	Year = {2014}}

@article{FuLiuDuan,
	Author = {Fu, Hongbo and Liu, Xianming and Duan, Jinqiao},
	Date-Added = {2015-11-30 19:19:09 +0000},
	Date-Modified = {2015-11-30 19:20:14 +0000},
	Journal = {Comm. Math. Sci.},
	Keywords = {stochastics},
	Title = {Slow manifolds for multi-time-scale stochastic evolutionary systems},
	Pages = {141--162},
	Volume = {11},
	Number = {1},
	Year = {2013}}



@article{CDLS,
    AUTHOR = {Caraballo, T. and Duan, J. and  Lu K., and Schmalfuss, B.},
     TITLE = {Invariant Manifolds for Random and Stochastic Partial Differential Equations},
   JOURNAL = {Advaced Nonlinear Studies, In Press},
    VOLUME = { },
      YEAR = {2009},
    NUMBER = {},
     PAGES = {}
}



@article{DuanLuSchm,
    AUTHOR = {Duan,J. and Lu, K., and Schmalfuss, B.},
     TITLE = {Invariant Manifolds for Stochastic Partial Differential Equations},
   JOURNAL = {Annals of Probability},
    VOLUME = {31},
      YEAR = {2003},
    NUMBER = {},
     PAGES = {2109-2135}
}

@article{DuanLuSchm2,
    AUTHOR = {Duan,J. and Lu, K. and Schmalfuss, B.},
     TITLE = {Smooth Stable and Unstable Manifolds for Stochastic Evolutionary Equations},
   JOURNAL = {Annals of Probability},
    VOLUME = {16},
      YEAR = {2004},
    NUMBER = {},
     PAGES = {949-972}
}



@article{WangDuan,
    AUTHOR = {Wang, W. and Duan, J.},
     TITLE = {A Dynamical Approximation  for Stochastic Partial Differential Equations},
   JOURNAL = {J. Math. Phys.},
    VOLUME = {48},
      YEAR = {2007},
    NUMBER = {},
     PAGES = {102701}
}



@article{Ming,
    AUTHOR = {Duan, J. and Wang, M.},
     TITLE = {Existence and regularity of linear nonlocal {F}okker-{P}lanck equations},
   JOURNAL = {Submitted},
    VOLUME = {  },
      YEAR = {2015},
    NUMBER = { },
     PAGES = { }
}

@article{He,
    AUTHOR = {He, J. and Duan, J. and Gao, H.},
     TITLE = {A nonlocal {F}okker-{P}lanck equation for non-{G}aussian stochastic dynamical systems},
   JOURNAL = {Applied Math. Lett.},
    VOLUME = {49 },
      YEAR = {2015},
    NUMBER = {November},
     PAGES = {1 -- 6}
}



@article{Du2007,
    AUTHOR = {Du, A. and Duan, J.},
     TITLE = {Invariant Manifold Reduction for Stochastic Dynamical Systems},
   JOURNAL = {Dynamic Systems and Applications},
    VOLUME = {16},
      YEAR = {},
    NUMBER = {},
     PAGES = {681-696}
}

@article {Duan2008,
    AUTHOR = {Duan, J. and Yan, J.},
     TITLE = {General Matrix-Valued Inhomogeneous Linear Stochastic Differential Equations and Applications},
   JOURNAL = {Statistics and Probability Letters},
  FJOURNAL = {},
    VOLUME = {78},
      YEAR = {2008},
    NUMBER = {},
     PAGES = {2361-2365},
}

@article{SunDuanLi2010,
    AUTHOR = {Sun, X. and Duan, J. and Li, X.},
     TITLE = {An Impact of Noise on Invariant Manifolds in Nonlinear Dynamical Systems},
   JOURNAL = {J. Math. Phys.},
    VOLUME = {51},
      YEAR = {2010},
    NUMBER = {4},
     PAGES = {042702}
}





@article{QiaoDuan,
	Author = {Qiao, H. and Duan, J. },
	Journal = {Adv. in Appl. Probab. },
	Number = {3 },
	Pages = {902-918 },
	Title = {Nonlinear filtering of stochastic dynamical systems with {L}\'evy noises},
	Volume = {47 },
	Year = { 2015}}


@article{ChengDuanWang,
	Author = {Cheng, Zhuan and Duan, Jinqiao and Wang, Liang},
	Date-Added = {2015-11-30 05:35:24 +0000},
	Date-Modified = {2015-11-30 05:35:37 +0000},
	Journal = {Communications in Nonlinear Science and Numerical Simulation},
	Keywords = {stochastics},
	Number = {1},
	Pages = {108--114},
	Publisher = {Elsevier},
	Title = {Most probable dynamics of some nonlinear systems under noisy fluctuations},
	Volume = {30},
	Year = {2016}}


@article{WangDuanRoberts,
	Author = {Wang, Wei and Roberts, AJ and Duan, Jinqiao},
	Date-Added = {2015-12-01 00:21:03 +0000},
	Date-Modified = {2015-12-01 00:21:18 +0000},
	Journal = {Journal of Differential Equations},
	Keywords = {stochastics},
	Number = {12},
	Pages = {3501--3522},
	Publisher = {Elsevier},
	Title = {Large deviations and approximations for slow--fast stochastic reaction--diffusion equations},
	Volume = {253},
	Year = {2012}}

@article{SunDuan2,
	Author = {Sun, Xu and Kan, Xingye and Duan, Jinqiao},
	Date-Added = {2015-12-01 00:25:54 +0000},
	Date-Modified = {2015-12-01 00:26:35 +0000},
	Journal = {Stochastics and Dynamics},
	Keywords = {stochastics},
	Number = {01},
	Pages = {1150011},
	Publisher = {World Scientific},
	Title = {Approximation of invariant foliations for stochastic dynamical systems},
	Volume = {12},
	Year = {2012}}


@article{QiaoKan,
	Author = {H. Qiao and X. Kan and J. Duan},
	Journal = {Springer Proceedings in Mathematics \& Statistics},
	Keywords = {stochastics},
	Title = {Escape probability for stochastic dynamical systems with jumps},
	Volume = {34},
	Year = {2013}}










%%%%  Stochastic dynamics:   Others' papers

@article{Zeitouni1987,
	Author = {O. Zeitouni and A. Dembo },
	Journal = {Stochastics   },
	Number = { },
	Pages = {221246 },
	Title = {A maximum a posteriori estimator for trajectories
of diffusion processes    },
	Volume = {20 },
	Year = {1987 }}

@article{Lewis1988,
	Author = {J. K. Lewis and W. W. Denner},
	Journal = {A Report to the Office of Naval Research,  SAIC-87/1868},
	Number = { },
	Pages = {1 -- 25},
	Title = {Higher frequency ambient noise in the Arctic ocean},
	Volume = { },
	Year = {1988 }}



@article{Nualart2006,
	Author = {J. M. Corcuera  and D. Nualart  and J. H. C. Woerner },
	Journal = {Bernoulli   },
	Number = { },
	Pages = {713--735 },
	Title = {Power Variation of Some Integral Fractional Processes    },
	Volume = {12 },
	Year = { 2006}}


@article{Durr1978,
	Author = {D. Durr   and  A. Bach  },
	Journal = {Commun. Math. Phys.    },
	Number = { },
	Pages = {153--170 },
	Title = {The Onsager-Machlup Function as Lagrangian for the Most Probable
Path of a Diffusion Process},
	Volume = {60 },
	Year = {1978 }}



@article{Wan,
	Author = {Wan, X.  and   Yu, H.  and   Zhai, J. },
	Journal = {SIAM   J. Numer. Anal. },
	Number = {3 },
	Pages = { 1597--1620},
	Title = {Convergence analysis of a finite  element approximation of minimum
action methods },
	Volume = {56 },
	Year = {2018 }}



@article{Eijnden,
	Author = {E. Vanden-Eijnden and M. Heymann },
	Journal = {Journal of Chemical Physics   },
	Number = { },
	Pages = { 061103},
	Title = {The geometric minimum action method for computing minimum energy paths},
	Volume = {128 },
	Year = {2008 }}




%%%%%%%%%%%%%  Collaborators' papers

@article{song93,
        Author  = "R. Song",
        Title   = "Probabilistic approach to the {D}irichlet problem of perturbed stable processes",
        Journal = "Probab. Theory Related Fields",
        Year    = "1993",
        Volume  = "95",
        Pages   = "371-389"}


%%%%%%%%%%%%%  Noisy gene

@article{Raser2005,
  title={Noise in gene expression: origins, consequences, and control},
  author="{Raser, J. M., and O'Shea, E. K.}",
  journal={Science},
  volume={309},
  number={5743},
  pages={2010-2013},
  year={2005}}

@article{Maheshri2007,
  title={Living with noisy genes: how cells function reliably with inherent variability in gene expression},
  author="{Maheshri, N., and O'Shea, E. K.}",
  journal={Annu. Rev. Biophys. Biomolec. Struct.},
  volume={36},
  number={36},
  pages={413-434 },
  year={2007}
  }


%%%%%%%%%%%%%%%%%  Stochastic bifurcation


@article{Deco,
  title   = " Deterministic analysis of stochastic bifurcations in multi-stable neurodynamical systems ",
  journal = " Biological Cybernetics ",
  volume  = "96",
  number  = "5",
  pages   = " 487-496 ",
  year    = "2007",
  author  = " G. Deco and D. Mart\'{i} "
}

@book{ Ebeling,
  title   = " Statistical thermodynamics and stochastic theory of nonequilibrium systems ",
  year   = "2005",
 publisher=" World Scientific",
  author  = " W. Ebeling and I. M. Sokolov  "
}


@book{Klafter2011,
  title   = " Fractional Dynamics",
  year   = "2011",
 publisher= " World Scientific",
  author  = " J. Klafter and S. C. Lim "
}

@book{Radu,
  title   = " Equilibrium and nonequilibrium statistical mechanics ",
  year   = "1975",
 publisher= " Wiley",
  author  = "R. Balescu "
}


@article{Crauel,
  title   = " Additive noise destroys a pitchfork bifurcation ",
  journal = " J. Dyn. Diff. Eqn. ",
  volume  = "10",
   pages   = " 259--274 ",
  year    = " 1998 ",
   author  = " H. Crauel and F. Flandoli "
}

@article{Lamb,
  title   = " The dichotomy spectrum for random dynamical systems and
pitchfork bifurcations with additive noise ",
  journal = " Ann. Henri Poincar\'{e} ",
  year    = "2017",
   author  = " M. Callaway and T. S. Doan and  J. S. W. Lamb and M. Rasmussen "
}



@article{Sri,
  title   = " Stochastic bifurcation ",
  journal = " Applied Mathematics and Computation ",
  volume  = "39",
  number  = "3",
  pages   = "37--95",
  year    = " 1990 ",
  author  = " N. Sri. Namachchivaya "
}



@article{WangB,
  title   = " Stochastic bifurcation of pathwise random almost periodic and almost automorphic solutions for random dynamical systems ",
  journal = " Discrete and Continuous Dynamical Systems ",
  volume  = "35",
  number  = "8",
  pages   = " 3745--3769 ",
  year    = " 2015 ",
   author  = " B. Wang "
}


@article{Xu,
  title   = " Stochastic pitchfork bifurcation: numerical simulations and
symbolic calculations using MAPLE ",
  journal = " Mathematics and Computers in Simulation ",
  volume  = "38",
   pages   = " 199--209 ",
  year    = " 1995 ",
   author  = " K. Xu "
}


@article{Son,
  title   = " Nonautonomous saddle-node bifurcations in the quasiperiodically forced logistic map ",
  journal = " International Journal of Bifurcation and Chaos ",
  volume  = "21",
  number  = "5",
  pages   = " 1427--1438 ",
  year    = "2011",
  author  = "N. T. Yet  and  D. H. Son and T. Jager and S. Siegmund "
}
â





%%%%%%%%        Levy, Non-local numerics    %%%%%%%%%%%%%%%%
 

@article{Wang2018NumericalAF,
  title={Numerical algorithms for mean exit time and escape probability of stochastic systems with asymmetric L{\'e}vy motion},
  author={Xiao Wang and Jinqiao Duan and X. Li and R. Song},
  journal={Appl. Math. Comput.},
  year={2018},
  volume={337},
  pages={618-634}
}

@article{bergstrom1952some,
	Author = {Bergstr{\"o}m, Harald},
	Date-Added = {2013-09-25 02:01:29 +0000},
	Date-Modified = {2013-09-25 02:01:47 +0000},
	Journal = {Arkiv f{\"o}r Matematik},
	Keywords = {stochastics},
	Number = {4},
	Pages = {375--378},
	Publisher = {Springer},
	Title = {On some expansions of stable distribution functions},
	Volume = {2},
	Year = {1952}}

@article{burch2011continuous,
	Author = {Burch, N. and Lehoucq, RB},
	Date-Added = {2012-10-31 15:26:38 +0000},
	Date-Modified = {2012-10-31 15:28:02 +0000},
	Journal = {Physical Review E},
	Keywords = {nonlocal},
	Number = {1},
	Pages = {012105},
	Publisher = {APS},
	Title = {Continuous-time random walks on bounded domains},
	Volume = {83},
	Year = {2011}}

@article{Qiao,
	Author = { Qiao, H. and Zhang, X.},
	Date-Added = {2013-09-25 02:23:03 +0000},
	Date-Modified = {2013-09-25 02:23:22 +0000},
	Journal = {Stochastic Processes and their Applications},
	Keywords = {   },
	Number = { },
	Pages = {2254-2268},
	Publisher = {  },
	Title = {Homeomorphism fows for non-Lipschitz stochastic differential equations with jumps},
	Volume = {118},
	Year = {2008}}

@article{Bass,
	Author = {Bass, R. F. and  Chen, Z.-Q.},
	Date-Added = {2013-09-25 02:23:03 +0000},
	Date-Modified = {2013-09-25 02:23:22 +0000},
	Journal = {Probab. Theory and Related Fields},
	Keywords = {   },
	Number = { },
	Pages = { 175--214},
	Publisher = {  },
	Title = {Systems of equations driven by stable processes},
	Volume = {134},
	Year = {2006}}


%%%%%%%%%%%%

@article{chambers1976method,
	Author = {Chambers, John M and Mallows, Colin L and Stuck, BW},
	Date-Added = {2013-09-25 02:23:03 +0000},
	Date-Modified = {2013-09-25 02:23:22 +0000},
	Journal = {Journal of the American Statistical Association},
	Keywords = {stochastics},
	Number = {354},
	Pages = {340--344},
	Publisher = {Taylor \&amp; Francis Group},
	Title = {A method for simulating stable random variables},
	Volume = {71},
	Year = {1976}}

@article{du2011analysis,
	Author = {Du, Q. and Gunzburger, M. and Lehoucq, RB and Zhou, K.},
	Date-Added = {2012-10-31 15:26:04 +0000},
	Date-Modified = {2012-10-31 15:27:39 +0000},
	Journal = {SIAM Review},
	pages = {627},
	Keywords = {nonlocal},
	Title = {Analysis and approximation of nonlocal diffusion problems with volume constraints},
	Volume = {54},
	Year = {2012}}


@article{birch2010classical,
        Author = {Birch, N. and Lehoucq, R.},
        Date-Added = {2012-10-31 15:25:27 +0000},
        Date-Modified = {2012-10-31 15:27:48 +0000},
        Journal = {International Journal for Multiscale Computational Engineering},
	pages = {661--674},
        Keywords = {nonlocal},
        Title = {Classical, nonlocal, and fractional diffusion equations on bounded domains},
	Volume = {9},
        Year = {2011}}

@article{bueno2012fourier,
	Author = {Bueno-Orovio, Alfonso and Kay, David and Burrage, Kevin},
	Date-Added = {2013-09-24 21:55:06 +0000},
	Date-Modified = {2013-09-24 21:56:46 +0000},
	Journal = {OCCAM },
	Keywords = {stochastics},
	Title = {Fourier spectral methods for fractional-in-space reaction-diffusion equations},
	Year = {2012}}

@article{Du13,
	Author = {Du, Qiang and Huang, Zhan and Lehoucq, RB},
	Date-Added = {2013-09-24 22:13:59 +0000},
	Date-Modified = {2013-09-24 22:14:25 +0000},
	Keywords = {stochastics},
	Title = {NONLOCAL CONVECTION-DIFFUSION VOLUME-CONSTRAINED PROBLEMS AND JUMP PROCESSES},
        Journal = {Sandia National Laboratories, Technical report},
        Volume = {SAND 2013-5008J},
        Year = {2013}}


@book{golub2012matrix,
	Author = {Golub, Gene H and Van Loan, Charles F},
	Date-Added = {2013-09-25 01:50:59 +0000},
	Date-Modified = {2013-09-25 01:50:59 +0000},
	Publisher = {JHU Press, 4th Ed.},
	Title = {Matrix computations},
	Year = {2012}}

@article{imbert2005non,
	Author = {Imbert, Cyril},
	Date-Added = {2013-09-25 01:57:12 +0000},
	Date-Modified = {2013-09-25 01:57:46 +0000},
	Journal = {Journal of Differential Equations},
	Keywords = {stochastics},
	Number = {1},
	Pages = {218--246},
	Publisher = {Elsevier},
	Title = {A non-local regularization of first order {H}amilton--{J}acobi equations},
	Volume = {211},
	Year = {2005}}

@article{alibaud2013optimal,
	Author = {Alibaud, Nathael and Cifani, Simone and Jakobsen, Espen},
	Date-Added = {2013-11-01 15:16:21 +0000},
	Date-Modified = {2013-11-01 15:18:43 +0000},
	Journal = {arXiv preprint arXiv:1307.1218},
	Keywords = {nonlocal},
	Title = {Optimal continuous dependence estimates for fractional degenerate parabolic equations},
	Year = {2013}}

@article{cifani2012numerical,
	Author = {Cifani, Simone and Jakobsen, Espen R},
	Date-Added = {2013-11-01 15:53:56 +0000},
	Date-Modified = {2013-11-01 15:54:11 +0000},
	Journal = {arXiv preprint arXiv:1201.6079},
	Keywords = {nonlocal},
	Title = {On numerical methods and error estimates for degenerate fractional convection-diffusion equations},
	Year = {2012}}

@article{cifani2011entropy,
	Author = {Cifani, S and Jakobsen, ER},
	Date-Added = {2013-11-01 15:16:57 +0000},
	Date-Modified = {2013-11-01 15:18:24 +0000},
	Journal = {Ann. Inst. H. Poincare Anal. Non Lineaire},
	Keywords = {nonlocal},
	Number = {3},
	Pages = {413--441},
	Title = {Entropy formulation for degenerate fractional order convection-diffusion equations},
	Volume = {28},
	Year = {2011}}

@article{cifani2011discontinuous,
	Author = {Cifani, Simone and Jakobsen, Espen R and Karlsen, Kenneth H},
	Date-Added = {2013-11-01 15:15:05 +0000},
	Date-Modified = {2013-11-01 15:18:51 +0000},
	Journal = {BIT Numerical Mathematics},
	Keywords = {nonlocal},
	Number = {4},
	Pages = {809--844},
	Publisher = {Springer},
	Title = {The discontinuous {G}alerkin method for fractional degenerate convection-diffusion equations},
	Volume = {51},
	Year = {2011}}
										@article{cifani2013spectral,
	Author = {Cifani, Simone and Jakobsen, Espen},
	Date-Added = {2013-11-01 15:14:12 +0000},
	Date-Modified = {2013-11-01 15:18:31 +0000},
	Journal = {Mathematics of Computation},
	Keywords = {nonlocal},
	Number = {283},
	Pages = {1489--1514},
	Title = {On the spectral vanishing viscosity method for periodic fractional conservation laws},
	Volume = {82},
	Year = {2013}}

@article{alibaud2012continuous,
	Author = {Alibaud, Natha{\"e}l and Cifani, Simone and Jakobsen, Espen R},
	Date-Added = {2013-11-01 15:13:23 +0000},
	Date-Modified = {2013-11-01 15:18:15 +0000},
	Journal = {SIAM Journal on Mathematical Analysis},
	Keywords = {nonlocal},
	Number = {2},
	Pages = {603--632},
	Publisher = {SIAM},
	Title = {Continuous dependence estimates for nonlinear fractional convection-diffusion equations},
	Volume = {44},
	Year = {2012}}

@inproceedings{cifani2011entropyP,
	Author = {Cifani, Simone and Jakobsen, Espen R},
	Booktitle = {Annales de l'Institut Henri Poincare (C) Non Linear Analysis},
	Date-Added = {2013-11-01 15:12:22 +0000},
	Date-Modified = {2013-11-01 15:18:03 +0000},
	Keywords = {nonlocal},
	Organization = {Elsevier},
	Pages = {413--441},
	Title = {Entropy solution theory for fractional degenerate convection--diffusion equations},
	Volume = {28(3)},
	Year = {2011}}

@article{jiang1996efficient,
	Author = {Jiang, GUANG-SHAN and Shu, CHI-WANG},
	Date-Added = {2013-09-24 22:35:13 +0000},
	Date-Modified = {2013-09-24 22:35:29 +0000},
	Journal = {Journal of Computational Physics},
	Keywords = {num},
	Pages = {202--228},
	Title = {Efficient Implementation of Weighted {ENO} Schemes},
	Volume = {126},
	Year = {1996}}

@article{jiang2000weighted,
	Author = {Jiang, G.-S. and Peng, D.},
	Date-Added = {2012-06-06 08:48:55 -0500},
	Date-Modified = {2012-06-06 08:51:10 -0500},
	Journal = {SIAM Journal on Scientific computing},
	Keywords = {num},
	Number = {6},
	Pages = {2126--2143},
	Publisher = {Citeseer},
	Title = {Weighted {ENO} schemes for {Hamilton-Jacobi} equations},
	Volume = {21},
	Year = {2000}}

@article{li2012finite,
	Author = {Li, Can and Deng, Weihua and Wu, Yujiang},
	Date-Added = {2013-09-24 21:51:01 +0000},
	Date-Modified = {2013-09-24 21:51:19 +0000},
	Journal = {Numerical Methods for Partial Differential Equations},
	Keywords = {stochastics},
	Number = {6},
	Pages = {1944--1965},
	Publisher = {Wiley Online Library},
	Title = {Finite difference approximations and dynamics simulations for the {L\'e}vy Fractional {Klein-Kramers} equation},
	Volume = {28},
	Year = {2012}}

@article{ervin2007numerical,
	Author = {Ervin, Vincent J and Heuer, Norbert and Roop, John Paul},
	Date-Added = {2013-09-24 21:39:28 +0000},
	Date-Modified = {2013-09-24 21:39:53 +0000},
	Journal = {SIAM Journal on Numerical Analysis},
	Keywords = {stochastics},
	Number = {2},
	Pages = {572--591},
	Publisher = {SIAM},
	Title = {Numerical approximation of a time dependent, nonlinear, space-fractional diffusion equation},
	Volume = {45},
	Year = {2007}}

@article{meerschaert2004finite,
	Author = {Meerschaert, Mark M and Tadjeran, Charles},
	Date-Added = {2013-09-24 22:06:28 +0000},
	Date-Modified = {2013-09-24 22:06:42 +0000},
	Journal = {Journal of Computational and Applied Mathematics},
	Keywords = {stochastics},
	Number = {1},
	Pages = {65--77},
	Publisher = {Elsevier},
	Title = {Finite difference approximations for fractional advection--dispersion flow equations},
	Volume = {172},
	Year = {2004}}

@article{nolan1997numerical,
	Author = {Nolan, John P},
	Date-Added = {2013-09-25 02:26:18 +0000},
	Date-Modified = {2013-09-25 02:26:46 +0000},
	Journal = {Communications in Statistics. Stochastic Models},
	Keywords = {stochastics},
	Number = {4},
	Pages = {759--774},
	Publisher = {Taylor \&amp; Francis},
	Title = {Numerical calculation of stable densities and distribution functions},
	Volume = {13},
	Year = {1997}}

@article{Porra1994mean,
	title = {Mean exit times for free inertial stochastic processes},
	author = {Porr\`a, Josep M. and Masoliver, Jaume and Lindenberg, Katja},
	journal = {Phys. Rev. E},
	volume = {50},
	issue = {3},
	pages = {1985--1993},
	year = {1994},
	month = {Sep},
	doi = {10.1103/PhysRevE.50.1985},
	url = {http://link.aps.org/doi/10.1103/PhysRevE.50.1985},
	publisher = {American Physical Society}
}

@article{masoliver1996exact,
	title = {Exact solution to the exit-time problem for an undamped free particle driven by Gaussian white noise},
	author = {Masoliver, Jaume and Porr\`a, Josep M.},
	journal = {Phys. Rev. E},
	volume = {53},
	issue = {3},
	pages = {2243--2256},
	year = {1996},
	month = {Mar},
	doi = {10.1103/PhysRevE.53.2243},
	url = {http://link.aps.org/doi/10.1103/PhysRevE.53.2243},
	publisher = {American Physical Society}
}

@article{helmes2001computing,
	Author = {Helmes, K. and R{\"o}hl, S. and Stockbridge, R.H.},
	Date-Added = {2012-10-29 01:50:54 +0000},
	Date-Modified = {2012-10-29 01:51:10 +0000},
	Journal = {Operations Research},
	Keywords = {stochastics},
	Number = {4},
	Pages = {516--530},
	Publisher = {INFORMS},
	Title = {Computing moments of the exit time distribution for {M}arkov processes by linear programming},
	Volume = {49},
	Year = {2001}}

@article{burcha2012computing,
	Author = {Burcha, N. and Lehoucqb, RB},
	Date-Added = {2012-10-28 15:55:25 +0000},
	Date-Modified = {2012-10-28 15:56:14 +0000},
	Journal = {Sandia National Labs},
	Keywords = {stochastics},
	Publisher = {submitted},
	Title = {Computing the exit-time for a symmetric jump process},
	Volume = {SAND 2012-2132J},
	Year = {2012}}

@article{shu1988efficient,
	Author = {Shu, Chi-Wang and Osher, Stanley},
	Date-Added = {2013-09-25 01:45:49 +0000},
	Date-Modified = {2013-09-25 01:46:44 +0000},
	Journal = {Journal of Computational Physics},
	Keywords = {num},
	Number = {2},
	Pages = {439--471},
	Publisher = {Elsevier},
	Title = {Efficient implementation of essentially non-oscillatory shock-capturing schemes},
	Volume = {77},
	Year = {1988}}

@article{thomas1975some,
        Author = {Thomas, M.U.},
        Date-Added = {2012-10-28 15:39:20 +0000},
	Date-Modified = {2012-10-28 15:39:45 +0000},
	Journal = {Journal of Applied Probability},
	Keywords = {stochastics},
	Pages = {600--604},
	Publisher = {JSTOR},
	Title = {Some mean first-passage time approximations for the {O}rnstein-{U}hlenbeck process},
	Volume = {12},
	Year = {1975}}

@article{bovier04,
        Author = {Bovier, A. and Gayrard, V. and Klein, M.},
	Date-Added = {2012-10-26 01:43:32 +0000},
	Date-Modified = {2012-10-26 01:44:01 +0000},
	Journal = {J. Eur. Math. Soc.(JEMS)},
	Keywords = {stochastics},
	Number = {},
	Pages = {399--424},
	Title = {Metastability in reversible diffusion processes. I. {S}harp asymptotics for capacities and exit times},
	Volume = {6},
	Year = {2004}}

@article{bovier2005metastability,
        Author = {Bovier, A. and Gayrard, V. and Klein, M.},
	Date-Added = {2012-10-26 01:43:32 +0000},
	Date-Modified = {2012-10-26 01:44:01 +0000},
	Journal = {J. Eur. Math. Soc.(JEMS)},
	Keywords = {stochastics},
	Number = {1},
	Pages = {69--99},
	Title = {Metastability in reversible diffusion processes. II. Precise asymptotics for small eigenvalues},
	Volume = {7},
	Year = {2005}}

@misc{freidlin1998random,
     Author = {Freidlin, M.I. and Wentzell, A.D. and Freidl, M.},
     Date-Added = {2012-10-25 13:55:41 +0000},
     Date-Modified = {2012-10-25 13:57:21 +0000},
     Keywords = {stochastics},
     Publisher = {New York: Springer},
     Title = {Random Perturbations of Dynamical Systems (Grundlehren der Mathematischen Wissenschaften)},
     Year = {1998}}

@book{strikwerda2004finite,
	Author = {Strikwerda, John C},
	Publisher = {SIAM, 2nd Ed.},
	Title = {Finite difference schemes and partial differential equations},
	Year = {2004}}

@article{wang2013superfast,
     Author = {Wang, Hong and Du, Ning},
     Date-Added = {2015-05-19 14:52:01 +0000},
     Date-Modified = {2015-05-19 14:55:53 +0000},
     Journal = {Journal of Computational Physics},
     Keywords = {stochastics},
     Pages = {49--57},
     Publisher = {Elsevier},
     Title = {A superfast-preconditioned iterative method for steady-state space-fractional diffusion equations},
     Volume = {240},
     Year = {2013}}

@article{wang2011n,
     Author = {Wang, Hong and Wang, Kaixin},
     Date-Added = {2015-05-19 14:50:44 +0000},
     Date-Modified = {2015-05-19 14:56:02 +0000},
     Journal = {Journal of Computational Physics},
     Keywords = {stochastics},
     Number = {21},
     Pages = {7830--7839},
     Publisher = {Elsevier},
     Title = {An ${O (N \log 2 N)}$ alternating-direction finite difference method for two-dimensional fractional diffusion equations},
     Volume = {230},
     Year = {2011}}

@article{wang2010direct,
     Author = {Wang, Hong and Wang, Kaixin and Sircar, Treena},
     Date-Added = {2015-05-19 14:50:11 +0000},
     Date-Modified = {2015-05-19 14:55:34 +0000},
     Journal = {Journal of Computational Physics},
     Keywords = {stochastics},
     Number = {21},
     Pages = {8095--8104},
     Publisher = {Elsevier},
     Title = {A direct ${O (N\log 2 N)}$ finite difference method for fractional diffusion equations},
     Volume = {229},
     Year = {2010}}

@article{su2011characteristic,
     Author = {Su, Lijuan and Wang, Wenqia and Wang, Hong},
     Date-Added = {2015-05-19 14:48:39 +0000},
     Date-Modified = {2015-05-19 14:55:22 +0000},
     Journal = {Applied numerical mathematics},
     Keywords = {stochastics},
     Number = {8},
     Pages = {946--960},
     Publisher = {Elsevier},
     Title = {A characteristic difference method for the transient fractional convection--diffusion equations},
     Volume = {61},
     Year = {2011}}

@article{wang2012fast,
     Author = {Wang, Hong and Basu, Treena S},
     Date-Added = {2015-05-19 14:47:48 +0000},
     Date-Modified = {2015-05-19 14:55:43 +0000},
     Journal = {SIAM Journal on Scientific Computing},
     Keywords = {stochastics},
     Number = {5},
     Pages = {A2444--A2458},
     Publisher = {SIAM},
     Title = {A fast finite difference method for two-dimensional space-fractional diffusion equations},
     Volume = {34},
     Year = {2012}}

@article {wu,
    AUTHOR = {Albeverio, S. and R\"{u}diger, B.  and Wu, J. L.},
     TITLE = "Invariant Measures and Symmetry Property of {L}\'{e}vy Type Operators",
   JOURNAL = {Potential Analysis},
    VOLUME = {13},
      YEAR = {2000},
    NUMBER = {},
     PAGES = {147-168},
}

@INPROCEEDINGS{wu2,
        AUTHOR ={Albeverio, S. and R\"{u}diger, B.  and Wu, J. L.},
        TITLE = "Analytic and
		probabilistic aspects of {L}\'evy processes and fields in quantum
		theory",
        BOOKTITLE = "L\'evy Processes: Theory and Applications",
        EDITOR = "O.  E. Barndorff-Nielsen and T. Mikosch and S. I. Resnick",
        PUBLISHER = "Birkhauser",
        ADDRESS = "Boston",
        YEAR = "2001",
        PAGES = "187-224"}

@article{yang2010numerical,  
	Author = {Yang, Qianqian and Liu, Fawang and Turner, I},
	Date-Added = {2013-09-24 22:09:11 +0000},
	Date-Modified = {2013-09-24 22:09:28 +0000},
	Journal = {Applied Mathematical Modelling},
	Keywords = {stochastics},
	Number = {1},
	Pages = {200--218},
	Publisher = {Elsevier},
	Title = {Numerical methods for fractional partial differential equations with {Riesz} space fractional derivatives},
	Volume = {34},
	Year = {2010}}

@BOOK{Applebaum,
        AUTHOR ="Applebaum, D.",
        TITLE = "L\'evy Processes and Stochastic Calculus",
        PUBLISHER = "Cambridge University Press",
        YEAR = "2009",
        ADDRESS = "Cambridge, U.K.",
        EDITION = "2nd",
        PAGES = " "
}

@BOOK{Bertoin-98,
        AUTHOR ="Bertoin, J.",
        TITLE = "L\'evy Processes",
        PUBLISHER = "Cambridge University Press",
        YEAR = "1998",
        ADDRESS = "Cambridge, U.K."
}


@article{Chen,
    AUTHOR = {Chen, Z. and Kim, P. and Song, R.},
     TITLE = {Heat kernel estimates for {D}irichlet fractional {L}aplacian},
   JOURNAL = {J. European Math. Soc.},
    VOLUME = {12},
      YEAR = {2010},
    NUMBER = {},
     PAGES = {1307-1329},
}

@article{Diego1,
    AUTHOR = {del-Castillo-Negrete, D. and Gonchar, V.Yu. and Chechkin, A.V.},
     TITLE = "Fluctuation-driven directed transport in the presence of {L}\'evy flights",
   JOURNAL = {Physica A},
    VOLUME = {27},
      YEAR = {2008},
    NUMBER = {},
     PAGES = {6693-6704},
}

@article{Diego2,
    AUTHOR = {del-Castillo-Negrete, D.},
     TITLE = {Non-diffusive, non-local  transport in fluids and plasmas},
   JOURNAL = {Nonlin. Processes Geophys.},
    VOLUME = {17},
      YEAR = {2010},
    NUMBER = {},
     PAGES = {795-807},
}

@article{Dit,
    AUTHOR = {Ditlevsen, P. D.},
     TITLE = {Observation of $\alpha-$stable
noise induced millennial climate changes from an ice record},
   JOURNAL = {Geophys. Res. Lett.},
    VOLUME = {26},
      YEAR = {1999},
    NUMBER = {},
     PAGES = {1441-1444},
}

@article{Getoor61b,
    AUTHOR = {Blumenthal, R. M. and Getoor, R. K. and Ray, D. B.},
     TITLE = {On the distribution of first hits for the symmetric stable processes},
   JOURNAL = {Trans. Amer. Math. Soc.},
    VOLUME = {99},
      YEAR = {1961},
    NUMBER = {},
     PAGES = {540-554},
}

@article{Getoor,
    AUTHOR = {Getoor, R. K.},
     TITLE = {First passage times for symmetric stable processes in space},
   JOURNAL = {Trans. Amer. Math. Soc.},
    VOLUME = {101},
      YEAR = {1961},
    NUMBER = {},
     PAGES = {75-90},
}

@article{ImkellerP-06,
    AUTHOR = {Imkeller, P. and Pavlyukevich, I.},
     TITLE = "First exit time of {SDE}s driven by stable {L}{\'e}vy processes",
   JOURNAL = {Stoch. Proc. Appl.},
  FJOURNAL = {},
    VOLUME = {116},
      YEAR = {2006},
    NUMBER = {},
     PAGES = {611-642},
}

@article{ImkellerP-08,
    AUTHOR = {Imkeller, P. and Pavlyukevich, I. and Wetzel, T.},
     TITLE = "First exit times for {L}\'evy-driven diffusions with exponentially light jumps",
   JOURNAL = {Ann. Probab.},
  FJOURNAL = {},
    VOLUME = {37},
      YEAR = {2009},
    NUMBER = {2},
     PAGES = {530-564},
}

@article{liao89,
    AUTHOR = {Liao, M.},
     TITLE = {The {D}irichlet problem of a discontinuous {M}arkov process},
   JOURNAL = {Acta Math. Sinica (New Series)},
  FJOURNAL = {},
    VOLUME = {5},
      YEAR = {1989},
    NUMBER = {1},
     PAGES = {9-15},
}

@article{Naeh,
    AUTHOR = {T. Naeh and M. M. Klosek and B. J. Matkowsky and Z. Schuss},
     TITLE = {A direct approach to the exit problem},
   JOURNAL = {SIAM J. Appl. Math.},
  FJOURNAL = {},
    VOLUME = {50},
      YEAR = {1990},
    NUMBER = {},
     PAGES = {595-627}
}

@article{sidi88,
        Author  = "A. Sidi and M. Israeli",
        Title   = "Quadrature Methods for Periodic Singular and
Weakly Singular {F}redholm Integral Equations",
        Journal = "J. Sci. Comput.",
        Year    = "1988",
        Volume  = "3",
        Pages   = "201-231"}


@article {kropinski01,
    AUTHOR = {Kropinski, M.},
     TITLE = {An Efficient Numerical Method for Studying Interfacial Motion in Two-Dimensional Creeping Flows},
   JOURNAL = {J. Comput. Phys.},
  FJOURNAL = {Journal of Computational Physics},
    VOLUME = {171},
      YEAR = {2001},
    NUMBER = {},
     PAGES = {479-508},
}

@article {osher2001,
    AUTHOR = {Osher, S. and Fedkiw, P.},
     TITLE = {Level Set Methods: An Overview and Some Recent Results },
   JOURNAL = {J. Comput. Phys.},
  FJOURNAL = {Journal of Computational Physics},
    VOLUME = {169},
      YEAR = {2001},
    NUMBER = {},
     PAGES = {463-502}
}


@article {Mittal2005,
    AUTHOR = {Mittal, R. and  Iaccarino, G.},
     TITLE = {Immersed Boundary Methods},
   JOURNAL = {Annu. Rev. Fluid Mech.},
    VOLUME = {37},
      YEAR = {2005},
    NUMBER = {},
     PAGES = {239-261}
}

@BOOK{Li2003,
        AUTHOR ="Li, Z. and Ito, K.",
        TITLE = "The Immersed Interface Method: Numerical Solutions of PDEs Involving Interfaces and Irregular Domains",
        PUBLISHER = "Society for Industrial and Applied Mathematics",
        YEAR = "2006",
        PAGES = " "
}

@article{siegel2000,
    AUTHOR = {Siegel, M.},
     TITLE = {Cusp Formation for Time-evolving Bubbles in Two-dimensional {S}tokes Flow},
   JOURNAL = {J. Fluid Mech.},
  FJOURNAL = {Journal of Fluid Mechanics},
    VOLUME = {412},
      YEAR = {2000},
    NUMBER = {},
     PAGES = {227-257}
}

@article {pozrikidis90,
    AUTHOR = {Pozrikidis, C.},
     TITLE = {The Instability of a Moving Viscous Drop},
   JOURNAL = {J. Fluid Mech.},
  FJOURNAL = {Journal of Fluid Mechanics},
    VOLUME = {210},
      YEAR = {1990},
    NUMBER = {},
     PAGES = {1-21}
}


@BOOK{CKP,
        AUTHOR ="Carrier, G. F. and Krook, M. and Pearson, C. E.",
        TITLE = "Functions of a Complex Variable: Theory and Technique",
        PUBLISHER = "McGraw-Hill Book Company",
        YEAR = "1966",
        PAGES = " "
}

@BOOK{lamb,
        AUTHOR ="H. Lamb",
        TITLE = "Hydrodynamics",
        PUBLISHER = "Dover Publications, 6th Ed.",
        YEAR = "1932",
        PAGES = " "
}

@article {marshall,
     AUTHOR = {Marshall, S. L.},
     TITLE = {A Periodic Green Function for Calculation of Coloumbic Lattice Potentials},
     JOURNAL = {J. Phys.: Condens. Matter},
     VOLUME = {12},
     YEAR = {2000},
     NUMBER = {},
     PAGES = {4575--4601},
}
@article {poz96,
    AUTHOR = {Pozrikidis, C.},
    TITLE = {Computation of Periodic Green's Functions of {S}tokes flow},
    JOURNAL = {J. Eng. Math.},
    FJOURNAL = {Journal of Engineering Mathematics},
    VOLUME = {30},
    YEAR = {1996},
    NUMBER = {},
    PAGES = {79--96},
}
@article {poz01,
    AUTHOR = {Pozrikidis, C.},
    TITLE = {Interfacial Dynamics for {S}tokes flows},
    JOURNAL = {J. Comput. Phys.},
    FJOURNAL = {Journal of Computational Physics},
    VOLUME = {169},
    YEAR = {1998},
    NUMBER = {2},
    PAGES = {250--301},
}
@article {singh,
    AUTHOR = {Singh, S. and Richards, W. F. and Zinecker, J. R. and Wilton, D. R.},
    TITLE = {Accelerating the Convergence of Series Representing the Free Space Periodic Green's Function},
    JOURNAL = {IEEE Trans. Antennas Propagat.},
    FJOURNAL = {IEEE Transactions on Antennas and Propagation},
    VOLUME = {38},
    YEAR = {1990},
    NUMBER = {12},
     PAGES = {1958--1962},
}
@BOOK{poz92,
        AUTHOR ="C. Pozrikidis",
        TITLE = "Boundary Integral and Singularity Methods for Linearized Viscous Flow",
        PUBLISHER = "Cambridge University Press",
        YEAR = "1992",
        PAGES = " "
}

@article {tanv95,
    AUTHOR = {Tanveer. S. and Vasconcelos,  G. L.},
   TITLE = {Time-evolving Bubbles in Two-dimensional {S}tokes flow},
     JOURNAL = {J. Fluid Mech.},
     FJOURNAL = {Journal of Fluid Mechanics},
     VOLUME = {301},
      YEAR = {1995},
    NUMBER = {},
     PAGES = {325-344},
}

@article {hou94,
    AUTHOR = {Hou, T. and Lowengrub, J. S. and Shelley, M. J.},
    TITLE = {Removing the Stiffness from Interfacial Flows with Surface Tension},
   JOURNAL = {J. Comput. Phys.},
  FJOURNAL = {Journal of Computational Physics},
    VOLUME = {114},
      YEAR = {1994},
    NUMBER = {},
     PAGES = {312-338},
}

@ARTICLE{nie02,
        AUTHOR = {Nie, Q. and Tanveer, S. and Dupont, T. and Li, X.},
        TITLE = "Singularity Formation in Free-Surface {S}tokes Flows",
        JOURNAL = "Contemporary Mathematics",
        YEAR = "2002",
        VOLUME = "306",
        PAGES = "147-165"
}


@article {poz98,
    AUTHOR = {Pozrikidis, C.},
     TITLE = {Numerical Studies of Cusp Formation at Fluid Interfaces in {S}tokes flow},
   JOURNAL = {J. Fluid Mech.},
  FJOURNAL = {Journal of Fluid Mechanics},
    VOLUME = {357},
      YEAR = {1998},
    NUMBER = {},
     PAGES = {29-57},
}

@ARTICLE{saad86,
AUTHOR = "Y. Saad and M.  H. Schultz",
TITLE = "{GMRES}: A Generalized Minimal  Residual Algorithm
       for Nonsymmetric Linear Systems",
JOURNAL = "SIAM J. Sci. Stat. Comput.",
YEAR = "1986",
VOLUME = "7",
PAGES = "856-869"}


@BOOK{kre99,
        AUTHOR ="R. Kress",
        TITLE = "Linear Integral Equations",
        PUBLISHER = "Springer, Second Edition",
        YEAR = "1999",
        PAGES = " "}

@BOOK{Fas2007,
        AUTHOR ="G. Fasshauer",
        TITLE = "Meshfree Approximation Methods with Matlab",
        PUBLISHER = "World Scientific Press",
        YEAR = "2005",
        PAGES = " "}

@BOOK{Wendland2005,
        AUTHOR ="G. Fasshauer",
        TITLE = "Scattered data approximation",
        PUBLISHER = "Cambride University Press",
        YEAR = "2005",
        PAGES = " "}

@article {Schaback2008,
    AUTHOR = {Schaback, R.},
     TITLE = {The Meshless Kernel-based Method of Lines for Solving Nonlinear Evolution Equations},
   JOURNAL = {Preprint},
  FJOURNAL = {Preprint},
    VOLUME = {},
      YEAR = {2008},
    NUMBER = {},
     PAGES = {}
}

@article {Antanovskii1996,
    AUTHOR = {Antanovskii, L. K.},
     TITLE = {Formation of a Pointed Drop in {T}aylor's Four-roller Mill},
   JOURNAL = {J. Fluid Mech.},
  FJOURNAL = {Journal of Fluid Mechanics},
    VOLUME = {327},
      YEAR = {1996},
    NUMBER = {},
     PAGES = {325-341}
}

@article {nie2002,
    AUTHOR = {Nie, Q. and Tanveer, S. and Dupont, T. and Li, X.},
     TITLE = {Singularity Formation in Free-surface {S}tokes flows},
   JOURNAL = {Contemporary Mathematics},
  FJOURNAL = {Contemporary Mathematics},
    VOLUME = {306},
      YEAR = {2002},
    NUMBER = {},
     PAGES = {147-165}
}

@article {poz1998,
    AUTHOR = {Pozrikidis, C.},
     TITLE = {Numerical Studies of Cusp Formation at Fluid Interfaces in {S}tokes flow},
   JOURNAL = {J. Fluid Mech.},
  FJOURNAL = {Journal of Fluid Mechanics},
    VOLUME = {306},
      YEAR = {2002},
    NUMBER = {},
     PAGES = {147-165}
}

@article{tryggvason98,
    AUTHOR = {Juric, D. and Tryggvason, G.},
     TITLE = {Computations of Boiling Flows},
   JOURNAL = {Int. J. Multiphase Flow},
    VOLUME = {24},
      YEAR = {1998},
    NUMBER = {3},
     PAGES = {387--410}
}

@article{scardovelli99,
    AUTHOR = {Scardovelli, R. and Zaleski, S.},
     TITLE = {Direct Numerical Simulation of Free-surface and Interfacial Flow},
   JOURNAL = {Ann. Rev. Fluid Mech.},
    VOLUME = {31},
      YEAR = {1999},
    NUMBER = {7},
     PAGES = {567--603}
}

@article{peskin72,
    AUTHOR = {C. S. Peskin},
     TITLE = {Flow Patterns Around Heart Valves: a Numerical Method},
   JOURNAL = {J. Comput. Phys.},
    VOLUME = {10},
      YEAR = {1972},
    NUMBER = {},
     PAGES = {252--271}
}

@article{cahn58,
    AUTHOR = {Cahn, W. H. and Hilliard, J. E.},
     TITLE = {Free Energy of a Non-uniform System {I}: Interfacial free energy},
   JOURNAL = {J. Chem. Phys.},
    VOLUME = {28},
      YEAR = {1958},
    NUMBER = {},
     PAGES = {258--267}
}

@BOOK{Kress1998,
        AUTHOR ="R. Kress",
        TITLE = "Numerical Analysis",
        PUBLISHER = "Springer-Verlag",
        YEAR = "1998",
        PAGES = " "
}


@BOOK{Arnold,
        AUTHOR="L. Arnold",
        TITLE="Random Dynamical Systems",
        PUBLISHER="Springer-Verlag",
        YEAR="1998",
}

@article{BW,
        AUTHOR={Blomker,D. and Wang, W. },
        TITLE={Qualitative Properties of Local Random Invariant Manifolds for {SPDE}s with Qudratic Nonlinearity},
        JOURNAL={Preprint},
        YEAR={2008},
}

@BOOK{chicone,
        AUTHOR="C. Chicone",
        TITLE="Ordinary Differential Equations with Applications, Second Edition",
        PUBLISHER="Springer-Verlag",
        YEAR="2006",
}

@article{DuanLuSchm,
    AUTHOR = {Duan,J. and Lu, K., and Schmalfuss, B.},
     TITLE = {Invariant Manifolds for Stochastic Partial Differential Equations},
   JOURNAL = {Annals of Probability},
    VOLUME = {31},
      YEAR = {2003},
    NUMBER = {},
     PAGES = {2109-2135}
}

@article{DuanLuSchm2,
    AUTHOR = {Duan,J. and Lu, K. and Schmalfuss, B.},
     TITLE = {Smooth Stable and Unstable Manifolds for Stochastic Evolutionary Equations},
   JOURNAL = {Annals of Probability},
    VOLUME = {16},
      YEAR = {2004},
    NUMBER = {},
     PAGES = {949-972}
}

@BOOK{Freidlin,
        AUTHOR= {Freidlin, M. and Wentzell, A.},
        TITLE={Random Perturbations of Dynamical Systems, Second Edition},
        PUBLISHER={Springer-Verlag},
        YEAR={1998},
}


@article{Mohammed,
    AUTHOR = {Mohammed, S.-E.A.  and Scheutzow, M.},
     TITLE = {The Stable Manifold Theorem for Stochastic Differential Equations},
   JOURNAL = {Annals of Probability},
    VOLUME = {27},
      YEAR = {1999},
    NUMBER = {},
     PAGES = {615-652}
}

@BOOK{GH,
        AUTHOR={Guckenheimer, J. and Holmes, P.},
        TITLE={Nonlinear Oscillations, Dynamical Systems, and Bifurcation of Vector Fields},
        PUBLISHER={Springer-Verlag},
        YEAR={1983},
}


@BOOK{Hunter,
        AUTHOR={Hunter, T. and Nachtergaele, B.},
        TITLE={Applied Analysis},
        PUBLISHER={World Scientific Press},
        YEAR={2001},
}



@article{Mohammed2,
    AUTHOR = {Mohammed, S. and Zhang, T. and Zhao, H.},
     TITLE = {The Stable Manifold Theorem for Semilinear Stochastic Evolution Equations and Stochastic Partial Differential Equations},
   JOURNAL = {Memoirs of the American Mathematical Society},
    VOLUME = {196},
      YEAR = {2008},
    NUMBER = {},
     PAGES = {1-105}
}


@article{Wanner,
    AUTHOR = {Wanner, T.},
     TITLE = {Linearization Random Dynamical Systems},
   JOURNAL = {Dynamics Reported},
    VOLUME = {4},
      YEAR = {1995},
    NUMBER = {},
     PAGES = {203-269}
}

@article{WangDuan,
    AUTHOR = {Wang, W. and Duan, J.},
     TITLE = {A Dynamical Approximation  for Stochastic Partial Differential Equations},
   JOURNAL = {J. Math. Phys.},
    VOLUME = {48},
      YEAR = {2007},
    NUMBER = {},
     PAGES = {102701}
}

@BOOK{Batc1967,
        AUTHOR={Batchelor, G.K.},
        TITLE={An Introduction to Fluid Dynamics},
        PUBLISHER={Cambridge University Press},
        YEAR={1967},
}
@BOOK{Ache1990,
        AUTHOR={Acheson, D. J.},
        TITLE={Elementary Fluid Dynamics},
        PUBLISHER={Cambridge University Press},
        YEAR={1990},
}
@BOOK{Kund2008,
        AUTHOR={Kundu, P. and Cohen, I.},
        TITLE={Fluid Mechanics, Fourth Edition},
        PUBLISHER={Academic Press},
        YEAR={2008},
}
@BOOK{Happe1981,
        AUTHOR={Happel, J. and Brenner, H.},
        TITLE={Low Reynolds Number Hydrodynamics},
        PUBLISHER={Springer},
        YEAR={1981},
}
@BOOK{Kim2005,
        AUTHOR={Kim, S. and Karrila},
        TITLE={Microhydrodynamics: Principles and Selected Applications},
        PUBLISHER={Dover},
        YEAR={2005},
}
@BOOK{Ocke1995,
        AUTHOR={Ockendon, H. and Ockendon, J. R.},
        TITLE={Viscous Flow},
        PUBLISHER={Cambridge University Press},
        YEAR={1995},
}
@BOOK{Poly1998,
        AUTHOR={Polyanin, A. and Manzhirov A.},
        TITLE={Handbook of Integral Equations},
        PUBLISHER={CRC Press},
        YEAR={1998},
}
@BOOK{Khve2001,
        AUTHOR={Khvedelidze, B. V. and Litvinov, G. L.},
        TITLE={Encyclopaedia of Mathematics},
        PUBLISHER={Kluwer Academic Publishers},
        YEAR={2001},
}

@BOOK{Evan1998,
        AUTHOR={Evans, L. C.},
        TITLE={Partial Differential Equations},
        PUBLISHER={American Mathematical Society},
        YEAR={1998},
}


@article{Ming,
    AUTHOR = {Duan, J. and Wang, M.},
     TITLE = {Existence and regularity of linear nonlocal {F}okker-{P}lanck equations},
   JOURNAL = {Submitted},
    VOLUME = {  },
      YEAR = {2015},
    NUMBER = { },
     PAGES = { }
}

@article{He,
    AUTHOR = {He, J. and Duan, J. and Gao, H.},
     TITLE = {A nonlocal {F}okker-{P}lanck equation for non-{G}aussian stochastic dynamical systems},
   JOURNAL = {Applied Math. Lett.},
    VOLUME = {49 },
      YEAR = {2015},
    NUMBER = {November},
     PAGES = {1 -- 6}
}

@article{Xie,
    AUTHOR = {Xie, X. and Duan, J. and  Li, X. and Lv, G.},
     TITLE = {A regularity result for the nonlocal {F}okker-{P}lanck equation with {O}rnstein-{U}hlenbeck drift},
   JOURNAL = {arXiv:1504.04631 },
    VOLUME = { },
      YEAR = {2015},
    NUMBER = {},
     PAGES = {  }
}

@article{Wei ,
    AUTHOR = {Wei, J. and Tian, R.},
     TITLE = {Well-posedness for the fractional {F}okker-{P}lanck equations},
   JOURNAL = {J. Math. Phys. },
    VOLUME = {56},
      YEAR = {2015},
    NUMBER = {},
     PAGES = {031502}
}


@article{Ramn2001,
    AUTHOR = {Ramn, A.},
     TITLE = {A Simple Proof of the Fredholm Alternative and a Characterization of the Fredholm Operators},
   JOURNAL = {American Mathematical Monthly},
    VOLUME = {108},
      YEAR = {2001},
    NUMBER = {},
     PAGES = {855}
}

@BOOK{Bayi2006,
        AUTHOR={Bayin, S.},
        TITLE={Mathematical Methods in Science and Engineering},
        PUBLISHER={Wiley},
        YEAR={2006},
}

@BOOK{Gardiner2009,
        AUTHOR={Gardiner, C. W.},
        TITLE={Stochastic Methods},
        PUBLISHER={Springer, 4th Ed.},
        YEAR={2009},
}

@BOOK{Gardiner2004,
        AUTHOR={Gardiner, C. W.},
        TITLE={Handbook of Stochastic Methods},
        PUBLISHER={Springer, 3rd Ed.},
        YEAR={2004},
}


@BOOK{Poly2002,
        AUTHOR={Polyanin, A.},
        TITLE={Handbook of Linear Partial Differential Equations for Engineers and Scientists},
        PUBLISHER={CRC Press},
        YEAR={2002},
}


@BOOK{Rica2000,
        AUTHOR={Ricardo, E. and Kanwal, R.},
        TITLE={Singular Integral Equations},
        PUBLISHER={Birkhauser},
        YEAR={2000},
}

@BOOK{Hsia2008,
        AUTHOR={Hsiao, G. C., and  Wendland, W.},
        TITLE={Boundary Integral Equations},
        PUBLISHER={Springer},
        YEAR={2008},
}



@BOOK{Kyth1999,
        AUTHOR={Kythe, P. and Puri, P.},
        TITLE={Computational Methods for Linear Integral Equations},
        PUBLISHER={Birkhauser},
        YEAR={1999},
}

@BOOK{Atki1997,
        AUTHOR={Atkinson, K.},
        TITLE={The Numerical Solution of Integral Equations of the Second Kind},
        PUBLISHER={Cambridge University Press},
        YEAR={1997},
}
@BOOK{Musk2008,
        AUTHOR={Muskhelishvili, N. I.},
        TITLE={Singular Integral Equations: Boundary Problems of Function Theory and Their Application to Mathematical Physics},
        PUBLISHER={Dover},
        YEAR={2008},
}

@article{Jish1996,
    AUTHOR = {Jishkarrani, A. and Khvedelidze, G.},
     TITLE = {On Projective Methods of Approximate Solution of Singular Equations},
   JOURNAL = {Georgian Mathematical Journal},
    VOLUME = {3},
      YEAR = {1996},
    NUMBER = {5},
     PAGES = {457-474}
}

@BOOK{Golb1997,
        AUTHOR={Golberg, M. A. and Chen, C. S.},
        TITLE={Discrete Projection Methods for Integral Equations},
        PUBLISHER={Computational Mechanics Publications},
        YEAR={1997}
}

@BOOK{Tref1997,
        AUTHOR={Trefethen, L. and Bau{,} III, D.},
        TITLE={Numerical Linear Algebra},
        PUBLISHER={Society for Industrial and Applied Mathematics},
        YEAR={1997},
}
@BOOK{Kinc1996,
        AUTHOR={Kincaid, D. and Cheney, W.},
        TITLE={Numerical Analysis},
        PUBLISHER={Brooks/Cole Publishing Company},
        YEAR={1996},
}

@BOOK{Golu1996,
        AUTHOR={Golub, G. and Voan, C.},
        TITLE={Matrix Computations, Third Edition},
        PUBLISHER={The Johns Hopkins University Press},
        YEAR={1996},
}


@BOOK{Gree1997,
        AUTHOR={Greenbaum, A.},
        TITLE={Iterative Methods for Linear Systems},
        PUBLISHER={Society for Industrial and Applied Mathematics},
        YEAR={1997},
}
@BOOK{Kyth2005,
        AUTHOR={Kythe, P. and Schï¿½aferkotter, M.},
        TITLE={Handbook of Computational Methods for Integration},
        PUBLISHER={Chapman Hall/CRC Press},
        YEAR={2005},
}


@BOOK{Wash1986,
        AUTHOR={Wash, J.},
        TITLE={An Introduction to Stochastic Partial Differential Equations},
        PUBLISHER={Ecole D'Etï¿½ de Prob. De St. Flour XIV, 1984, Lect. Notes in Math 1180, Springer},
        YEAR={1986},
        PAGES={265-439}
}



@BOOK{Dala2009,
        AUTHOR={Dalang, R. C. and Khoshnevisan, D. and Mueller, C. and Nualart, D. and Xiao, Y.},
        TITLE={A Minicourse on Stochastic Partial Differential Equations},
        PUBLISHER={Lecture Notes in Mathematics, Springer},
        YEAR={2009},
}

@BOOK{Prat1992,
        AUTHOR={Da Prato, G. and Zabczyk, J.},
        TITLE={Stochastic Equations in Infinite Dimensions},
        PUBLISHER={Cambridge University Press},
        YEAR={1992},
}

@BOOK{Grec1995,
        AUTHOR={Grecksch, W. and Tudor, C.},
        TITLE={Stochastic Evolution Equations},
        PUBLISHER={Akademie Verlag},
        YEAR={1995},
}

@BOOK{Prev2007,
        AUTHOR={Prevot, C. and Rockner, M.},
        TITLE={A Concise Course on Stochastic Partial Differential Equations},
        PUBLISHER={Lecture Notes in Mathematics, Springer},
        YEAR={2007},
}

@BOOK{Rozo1990,
        AUTHOR={Rozovskii, B. L.},
        TITLE={Stochastic Evolution Systems: Linear Teory And Applications to Non-linear Filtering},
        PUBLISHER={Kluwer Academic Publisher Group},
        YEAR={1990},
}
@article{Osel1968,
    AUTHOR = {Oseledets, V. I.},
     TITLE = {A Multiplicative Ergodic Theorem: Characteristic {L}yapunov Exponents of Dynamical Systems},
   JOURNAL = {Trans. Moscow. Math. Soc.},
    VOLUME = {19},
      YEAR = {1968},
    NUMBER = {},
     PAGES = {197-231}
}


@article{Youn1975,
    AUTHOR = {Youngren, G. K. and Acrivos, A.},
     TITLE = {{S}tokes Flow Past a Particle of Arbitrary Shape: A numerical Method of Solution},
   JOURNAL = {J. Fluid Mech.},
    VOLUME = {69},
      YEAR = {1975},
    NUMBER = {},
     PAGES = {377-403}
}
@BOOK{Wigg1994,
        AUTHOR={Wiggins, S.},
        TITLE={Normally Hyperbolic Invariant Manifolds in Dynamical Systems},
        PUBLISHER={Springer},
        YEAR={1994},
}

@BOOK{Perk2006,
        AUTHOR={Perko, L.},
        TITLE={Differential Equations and Dynamical Systems, Third Edition},
        PUBLISHER={Springer},
        YEAR={2006},
}
@article{Cara2005,
    AUTHOR = {Caraballo, T. and Chueshov, I. and Langa, J. A.},
     TITLE = {Existence of Invariant Manifolds for Coupled Parabolic and Hyperbolic Stochastic Partial Differential Equations },
   JOURNAL = {Nonlinearity},
    VOLUME = {18},
      YEAR = {2005},
    NUMBER = {},
     PAGES = {747-767}
}
@article{Lu2008,
    AUTHOR = {Lu, K. and Schmalfuss, B.},
     TITLE = {Invariant Foliations for Stochastic Partial Differential Equations},
   JOURNAL = {Stochastics and Dynamics},
    VOLUME = {8},
      YEAR = {},
    NUMBER = {},
     PAGES = {505-518}
}
@article{Lu2007,
    AUTHOR = {Lu, K. and Schmalfuss, B.},
     TITLE = {Invariant Manifolds for Stochastic Wave Equations},
   JOURNAL = {Journal of Differential Equations},
    VOLUME = {236},
      YEAR = {},
    NUMBER = {},
     PAGES = {460-492}
}
@article{Du2007,
    AUTHOR = {Du, A. and Duan, J.},
     TITLE = {Invariant Manifold Reduction for Stochastic Dynamical Systems},
   JOURNAL = {Dynamic Systems and Applications},
    VOLUME = {16},
      YEAR = {},
    NUMBER = {},
     PAGES = {681-696}
}
@article{Schm2008,
    AUTHOR = {Schmalfuss, B and Schneider, K. R.},
     TITLE = {Invariant Manifolds for Random Dynamical Systems with Slow and Fast Variables },
   JOURNAL = {Journal of Dynamics and Differential Equations},
    VOLUME = {20},
      YEAR = {2008},
    NUMBER = {},
     PAGES = {133-164}
}
@article{Rous2008,
    AUTHOR = {Roussel, M. R. and Zhu, R.},
     TITLE = {Reducing a Chemical Master Equation by Invariant Manifold Methods},
   JOURNAL = {Journal of Chemical Physics},
    VOLUME = {121},
      YEAR = {2008},
    NUMBER = {},
     PAGES = {8716-8730}
}

@article{Maha2004,
    AUTHOR = {Mohammed, S.-E. A. and Scheutzow, M. K. R.},
     TITLE = {The Stable Manifold Theorem for Non-Linear Stochastic Systems with Memory II: the Local Stable Manifold Theorem},
   JOURNAL = {Journal of Functional Analysis},
    VOLUME = {206},
      YEAR = {2004},
    NUMBER = {},
     PAGES = {253-306}
}




@article{Liu2006,
    AUTHOR = {Liu, Y. and Nishimura, N.},
     TITLE = {The Fast Multipole Boundary Element Method for Potential Problems: a Tutorial},
   JOURNAL = {Engineering Analysis with Boundary Elements},
    VOLUME = {30},
      YEAR = {2006},
    NUMBER = {},
     PAGES = {371-381}
}

@article{Stei2006,
    AUTHOR = {Steinbach, O. and Wendland, W. L.},
     TITLE = {The Fast Multipole Method for The Symmetric Boundary Integral Formulation },
   JOURNAL = {IMA Journal of Numerical Analysis},
    VOLUME = {26},
      YEAR = {2006},
    NUMBER = {},
     PAGES = {272-296}
}
@article{Ying2004,
    AUTHOR = {Ying, L. X. and Biros, G. and Zorin, D.},
     TITLE = {A Kernel-independent Adaptive Fast Multipole Algorithm in Two and Three Dimensions},
   JOURNAL = {Journal of computational physics},
    VOLUME = {196},
      YEAR = {2004},
    NUMBER = {},
     PAGES = {591-626}
}
@article{Hou2001,
    AUTHOR = {Hou, T. Y. and Lowengrub, J. S. and Shelly, M. J.},
     TITLE = {Boundary Integral Methods For Multicomponent Fluids and Multiphase Materials},
   JOURNAL = {Journal of Computational Physics},
    VOLUME = {169},
      YEAR = {2001},
    NUMBER = {},
     PAGES = {302-362}
}
@article{Beal1993,
    AUTHOR = {Beale, J. T. and Hou, T. Y. and Lowengrub, J. S.},
     TITLE = {Growth Rates for Linearized Motion of Fluid Interfaces Away from Equilibrium},
   JOURNAL = {Comm. Pure and Appl. Math.},
    VOLUME = {46},
      YEAR = {1993},
    NUMBER = {},
     PAGES = {1269-1301}
}
@article{Beal1996,
    AUTHOR = {Beale, J. T. and Hou, T. Y. and Lowengrub, J. S.},
     TITLE = {Convergence of a Boundary Integral Method for Water Waves},
   JOURNAL = {SIAM J. Numer. Anal.},
    VOLUME = {33},
      YEAR = {1996},
    NUMBER = {},
     PAGES = {1797-1843}
}

@article {Hou1998,
    AUTHOR = {Hou, T. Y. and Klapper, I. and Si, H.},
     TITLE = {Removing the Stiffness of Curvature in Computing 3-D Filaments},
   JOURNAL = {J. Comput. Phys.},
  FJOURNAL = {Journal of Computational Physics},
    VOLUME = {143},
      YEAR = {1998},
    NUMBER = {},
     PAGES = {628-664},
     }
@article {Jou1997,
    AUTHOR = {Jou, H. and Leo, P. and Lowengrub, J.},
     TITLE = {Microstructural Evolution in Inhomogeneous Elastic Media},
   JOURNAL = {J. Comput. Phys.},
  FJOURNAL = {Journal of Computational Physics},
    VOLUME = {131},
      YEAR = {1997},
    NUMBER = {},
     PAGES = {109},
}
@article {Ceni2000,
    AUTHOR = {Cenicero, H. D. and Hou, T. Y.},
     TITLE = {Microstructural Evolution in Inhomogeneous Elastic Media},
    JOURNAL = {J. Comput. Phys.},
  FJOURNAL = {Journal of Computational Physics},
    VOLUME = {165},
      YEAR = {2000},
    NUMBER = {},
     PAGES = {237-260},
}
@article {Nie2001,
    AUTHOR = {Cenicero, H. D. and Hou, T. Y.},
     TITLE = {The Nonlinear Evolution of Vortex Sheets with Surface Tension in Axisymmetric Flows},
   JOURNAL = {J. Comput. Phys.},
  FJOURNAL = {Journal of Computational Physics},
    VOLUME = {174},
      YEAR = {2001},
    NUMBER = {},
     PAGES = {438-459},
}
@article {Li2007,
    AUTHOR = {Li, X. and Nie, Q.},
     TITLE = {Surface Diffusion on Stressed Solid Surface},
   JOURNAL = {Commun. Comput. Phys.},
  FJOURNAL = {},
    VOLUME = {174},
      YEAR = {2001},
    NUMBER = {},
     PAGES = {73-86},
}
@article {Imke2001,
    AUTHOR = {Imkeller, P. and Lederer, C.},
     TITLE = {On The Cohomology of Flows of Stochastic and Random Differential Equations},
   JOURNAL = {Probab. Theory Relat. Fields},
  FJOURNAL = {},
    VOLUME = {120},
      YEAR = {2001},
    NUMBER = {},
     PAGES = {209ï¿½235},
}
@article {Imke2002,
    AUTHOR = {Imkeller, P. and Lederer, C.},
     TITLE = {The Cohomology of Stochastic and Random Differential Equatinos and Local Linearization of Stochastic Flows},
   JOURNAL = {Stochastics and Dynamics},
  FJOURNAL = {},
    VOLUME = {2},
      YEAR = {2002},
    NUMBER = {},
     PAGES = {131-159},
}
@article {Duan2008,
    AUTHOR = {Duan, J. and Yan, J.},
     TITLE = {General Matrix-Valued Inhomogeneous Linear Stochastic Differential Equations and Applications},
   JOURNAL = {Statistics and Probability Letters},
  FJOURNAL = {},
    VOLUME = {78},
      YEAR = {2008},
    NUMBER = {},
     PAGES = {2361-2365},
}
@article{dimitra07,
    AUTHOR = {Dimitrakoloupos, P. and Wang, J.},
     TITLE = {A Spectral Boundary Element Algorithm for Interfacial Dynamics in Two-Dimensional
     {S}tokes Flow Based on {H}Ermitian Interfacial Smoothing},
   JOURNAL = {Engng. Analy. Bound. Elem.},
    VOLUME = {31},
      YEAR = {2007},
    NUMBER = {},
     PAGES = {646--656}
}
@article{SunLi,
    AUTHOR = {Sun, X. and Li, X.},
     TITLE = {A spectrally accurate boundary integral method for two-dimensional {S}tokes flow},
   JOURNAL = {Commun. Comput. Phys.},
    VOLUME = {8},
      YEAR = {2010},
    NUMBER = {},
     PAGES = {}
}


@article{SunKuoMeng2006,
    AUTHOR = {Sun, X. and Kuo, S. M. and Meng, G.},
     TITLE = {Adaptive algorithm for active control of impulsive noise},
   JOURNAL = {Journal of Sound and Vibration},
    VOLUME = {291},
      YEAR = {2006},
    NUMBER = { },
     PAGES = {516-522}
}

@article{AsmussenRosinski2001,
    AUTHOR = {Asmussen, S. and Rosinski, J. },
     TITLE = "Approximation of small jumps of L\'evy processes with a view towards simulation",
   JOURNAL = {Journal of Applied Probability},
    VOLUME = {38},
      YEAR = {2001},
    NUMBER = { },
     PAGES = {482-493}
}


@article{CWSTo1988,
    AUTHOR = {To, Cho W. S.},
     TITLE = {On dynamic systems distributed by random parametric excitations},
   JOURNAL = {Journal of Sound and Vibration},
    VOLUME = {123},
      YEAR = {1988},
    NUMBER = { },
     PAGES = {387-390}
}



@article{YongLin1987,
    AUTHOR = {Yong, Y. and Lin, Y. K.},
     TITLE = {Exact stationary response solution for second order nonlinear systems under parametric and external white noise excitations},
   JOURNAL = {Journal of Applied Mechanics, Transactions of the American Society of Mechanical Engineers},
    VOLUME = {54},
      YEAR = {1987},
    NUMBER = { },
     PAGES = {414-418}
}


@article{WongZakai1965,
    AUTHOR = {Wong, E. and Zakai, M.},
     TITLE = {On the relation between ordinary and stochastic differential equations},
   JOURNAL = {International Journal of Engineering Science},
    VOLUME = {3},
      YEAR = {1965},
    NUMBER = { },
     PAGES = {213-229}
}


@article{Akhtar2009,
    AUTHOR = {Akhtar, M. and Mitsuhashi, W.},
     TITLE = {Improving performance of FxLMS algorithm for active noise control of impulsive noise},
   JOURNAL = {Journal of sound and vibration},
    VOLUME = {327},
      YEAR = {2009},
    NUMBER = {3-5},
     PAGES = {647-656}
}

@BOOK{Klebaner2005,
        AUTHOR = {F. C. Klebaner},
        TITLE = {Introduction to stochastic calculus with applications},
        PUBLISHER={2nd Edition, Imperial College Press},
        YEAR={2005},
}

@BOOK{mltbook1,
        AUTHOR={Gorban, A.},
        TITLE={Model Reduction and Coarse-Graining Approaches for Multiscale Phenomena},
        PUBLISHER={Springer},
        YEAR={2006},
}

@BOOK{mltbook2,
        AUTHOR={Gorban, A. and Karlin, I.},
        TITLE={Invariant Manifolds for Physical and Chemical Kinetics},
        PUBLISHER={Springer},
        YEAR={2005},
}
@BOOK{LinCai2004,
        AUTHOR={Y. K. Lin and G. Q. Cai},
        TITLE={Probabilistic Structural Dynamics: Advanced Theory and Applications},
        PUBLISHER={Springer},
        YEAR={2005},
}
@BOOK{CWSTo2000,
        AUTHOR={C. W. S. To},
        TITLE={Nonlinear random vibration: Analytical techniques and applications},
        PUBLISHER={Swets and Zeitlinger Publishers},
        YEAR={2000},
}


@BOOK{AJanicki1994,
        AUTHOR={A. Janicki and A. Weron},
        TITLE={Simulation and chaotic behavior of $\alpha$-stable stochastic processes},
        PUBLISHER={Marcel Dekker},
        YEAR={1994},
}


@BOOK{CLNikias1995,
        AUTHOR={C. L. Nikias},
        TITLE={Signal Processing with $\alpha$-stable Distribution and Applications},
        PUBLISHER={Wiley},
        YEAR={1995},
}


@BOOK{Kyprianou2006,
        AUTHOR={A. E. Kyprianou},
        TITLE="Introductory lectures on fluctuations of L\'evy processes with applications",
        PUBLISHER={Springer},
        YEAR={2006},
}

@BOOK{Applebaum2009,
        AUTHOR={D. Applebaum},
        TITLE={L\'evy Processes and Stochastic Calculus},
        PUBLISHER={Cambridge University Press, 2nd Edition},
        YEAR={2009},
}


@BOOK{Protter2004,
        AUTHOR={P. Protter},
        TITLE={Stochastic Integration and differential equations},
        PUBLISHER={Springer, 2nd Edition},
        YEAR={2004},
}

@BOOK{KloedenPlaten1992,
    AUTHOR = {P. Kloeden and E. Platen},
        TITLE={Numerical Solutions of Stochastic differential equations},
        PUBLISHER={Springer},
        YEAR={1992},
}

@BOOK{Ibrahim1985,
    AUTHOR = {R. A. Ibrahim},
        TITLE={Parametric Random Vibration},
        PUBLISHER={Research Studies Press},
        YEAR={1985},
}

@article{graczyksurvey,
        Author = {Graczyk, P. and Jakubowski, T.},
        Date-Added = {2012-10-14 20:01:56 +0000},
        Date-Modified = {2012-10-14 20:03:08 +0000},
        Keywords = {stochastics},
	Title = {A SURVEY}}

@article{jakubowski2008harnack,
	Author = {Jakubowski, T.},
	Date-Added = {2012-10-14 20:01:42 +0000},
	Date-Modified = {2012-10-14 20:02:47 +0000},
	Journal = {Mathematische Zeitschrift},
	Keywords = {stochastics},
	Number = {3},
	Pages = {609--628},
	Publisher = {Springer},
	Title = {On Harnack inequality for $\alpha$-stable {O}rnstein--{U}hlenbeck processes},
	Volume = {258},
	Year = {2008}}

@article{graczyk2008exit,
	Author = {Graczyk, P. and Jakubowski, T.},
	Date-Added = {2012-10-14 20:01:34 +0000},
	Date-Modified = {2012-10-14 20:02:54 +0000},
	Journal = {Stochastic Models},
	Keywords = {stochastics},
	Number = {2},
	Pages = {314--337},
	Publisher = {Taylor \& Francis},
	Title = {Exit times and {P}oisson kernels of the {O}rnstein--{U}hlenbeck diffusion},
	Volume = {24},
	Year = {2008}}

@article{jakubowski2007estimates,
	Author = {Jakubowski, T.},
	Date-Added = {2012-10-14 20:01:27 +0000},
	Date-Modified = {2012-10-14 20:02:22 +0000},
	Journal = {Stochastic Processes and their Applications},
	Keywords = {stochastics},
	Number = {10},
	Pages = {1540--1560},
	Publisher = {Elsevier},
	Title = {The estimates of the mean first exit time from a ball for the $\alpha$-stable {O}rnstein--{U}hlenbeck processes},
	Volume = {117},
	Year = {2007}}

@article{droniou2010numerical,
	title={A numerical method for fractal conservation laws},
	author={Droniou, J{\'e}r{\^o}me},
	journal={Mathematics of Computation},
	volume={79},
	number={269},
	pages={95--124},
	year={2010}
}
	
@book{andreu2010nonlocal,
	Author = {Andreu, F and Maz{\'o}n, JM and Rossi, JD and Toledo, J},
	Date-Added = {2013-10-31 15:46:35 +0000},
	Date-Modified = {2013-10-31 15:49:06 +0000},
	Keywords = {nonlocal},
	Publisher = {American Physical Society},
	Series = {Mathematical Surveys and Monographs},
	Title = {Nonlocal diffusion problems},
	Volume = {165},
	Year = {2010}}

@article{ros2012dirichlet,
	Author = {Ros-Oton, X. and Serra, J.},
	Date-Added = {2012-11-27 05:32:46 +0000},
	Date-Modified = {2012-11-27 05:33:02 +0000},
	Journal = {arXiv preprint arXiv:1207.5985},
	Keywords = {stochastics},
	Title = {The Dirichlet problem for the fractional Laplacian: regularity up to the boundary},
	Year = {2012}}

@article{chen2012sharp,
	Author = {Chen, Z.Q. and Kim, P. and Song, R.},
	Date-Added = {2012-11-05 17:13:19 +0000},
	Date-Modified = {2012-11-05 17:15:19 +0000},
	Journal = {The Annals of Probability},
	Keywords = {stochastics},
	Number = {1},
	Pages = {213--244},
	Publisher = {Institute of Mathematical Statistics},
	Title = {Sharp heat kernel estimates for relativistic stable processes in open sets},
	Volume = {40},
	Year = {2012}}

@article{chen2010heat,
	Author = {Chen, Z.Q. and Kim, P. and Song, R.},
	Date-Added = {2012-11-05 17:13:17 +0000},
	Date-Modified = {2012-11-05 17:14:58 +0000},
	Journal = {J. European Math. Soc},
	Keywords = {stochastics},
	Number = {5},
	Pages = {1307--1329},
	Title = {Heat kernel estimates for Dirichlet fractional Laplacian},
	Volume = {12},
	Year = {2010}}

@article{yanovsky2000levy,
	Author = {Yanovsky, VV and Chechkin, AV and Schertzer, D. and Tur, AV},
	Date-Added = {2012-11-02 21:08:43 +0000},
	Date-Modified = {2012-11-02 21:09:52 +0000},
	Journal = {Physica A: Statistical Mechanics and its Applications},
	Keywords = {stochastics},
	Number = {1},
	Pages = {13--34},
	Publisher = {Elsevier},
	Title = {L{\'e}vy anomalous diffusion and fractional {F}okker-{P}lanck equation},
	Volume = {282},
	Year = {2000}}

@BOOK{Schilling,
	AUTHOR={Schilling, R. L. and Bottcher, B. and Wang, J.},
	TITLE={L\'evy-Type Processes: Construction, Approximation and Sample Path Properties (L\'evy Matters III)},
	PUBLISHER={Springer, Berlin},
	YEAR={2014},
}

@article{Roberts,
	AUTHOR = {A Roberts, J. A. and Boonstra, T. W. and
		 Breakspear, M.},
	TITLE = {The heavy tail of the human brain},
	JOURNAL = {Current Opinion in Neurobiology},
	VOLUME = {31},
	YEAR = {2015},
	NUMBER = { },
	PAGES = {164-â172}
}

@article{Met,
	AUTHOR = {Metzler, R. and Klafterï¼ J.},
	TITLE = {The random walk's guide to anomalous diffusion: a fractional dynamics approach},
	JOURNAL = {Phys. Reports },
	VOLUME = {339 },
	YEAR = {2000},
	NUMBER = {1 },
	PAGES = { 1--77 }
}

@article{Met2,
	AUTHOR = {Chechkin, A. V. and  Metzler, R. and  Gonchar, V. Y. and
		 Klafter, J. and Tanatarov, L. V.},
	TITLE = {First passage and arrival time densities for L\'evy
		flights and the failure of the method of images},
	JOURNAL = {J. Phys. A: Math. Gen.},
	VOLUME = {36},
	YEAR = {2003},
	NUMBER = {},
	PAGES = { L537âL544 }
}

@article{jespersen1999levy,
	Author = {Jespersen, Sune and Metzler, Ralf and Fogedby, Hans C},
	Date-Added = {2015-10-29 22:19:57 +0000},
	Date-Modified = {2015-10-29 22:20:26 +0000},
	Journal = {Physical Review E},
	Keywords = {stochastics},
	Number = {3},
	Pages = {2736},
	Publisher = {APS},
	Title = {L{\'e}vy flights in external force fields: Langevin and fractional {Fokker-Planck} equations and their solutions},
	Volume = {59},
	Year = {1999}}

@article{chen2015stochastic,
	Author = {Chen, Zhen-Qing and Song, Renming and Zhang, Xicheng},
	Date-Added = {2015-11-05 22:29:38 +0000},
	Date-Modified = {2015-11-05 22:29:57 +0000},
	Journal = {arXiv preprint arXiv:1501.04758},
	Keywords = {stochastics},
	Title = {Stochastic flows for L$\backslash$'evy processes with H$\backslash$"$\{$o$\}$ lder drifts},
	Year = {2015}}

@inbook{Moss1,
	editor = {Moss, Frank and McClintock, Peter VE},
	Date-Added = {2015-11-28 02:12:07 +0000},
	Date-Modified = {2015-11-28 02:22:54 +0000},
	Keywords = {stochastics},
	Publisher = {Cambridge University Press},
	Title = {Theory of Continuous Fokker-Planck Systems},
	Series = {Noise in Nonlinear Dynamical Systems},
	Volume = {1},
	Year = {2007}}

@inbook{Moss2,
	editor = {Moss, Frank and McClintock, Peter VE},
	Date-Added = {2015-11-28 02:12:07 +0000},
	Date-Modified = {2015-11-28 02:22:54 +0000},
	Keywords = {stochastics},
	Publisher = {Cambridge University Press},
	Title = {Theory of noise induced processes in special applications},
	Series = {Noise in Nonlinear Dynamical Systems},
	Volume = {2},
	Year = {2009}}

@inbook{Moss3,
	editor = {Moss, Frank and McClintock, Peter VE},
	Date-Added = {2015-11-28 02:12:07 +0000},
	Date-Modified = {2015-11-28 02:22:54 +0000},
	Keywords = {stochastics},
	Publisher = {Cambridge University Press},
	Title = {Experiments and Simulation},
	Series = {Noise in Nonlinear Dynamical Systems},
	Volume = {3},
	Year = {2009}}

@book{Horst,
	Author = {Horsthemke, Werner},
	Date-Added = {2015-11-28 02:44:07 +0000},
	Date-Modified = {2015-11-28 02:44:22 +0000},
	Keywords = {stochastics},
	Publisher = {Springer},
	Title = {Noise induced transitions},
	Year = {1984}}

@book{Gar,
	Author = {Garc{\'\i}a-Ojalvo, Jordi and Sancho, Jos{\'e}},
	Date-Added = {2015-11-28 02:47:28 +0000},
	Date-Modified = {2015-11-28 02:47:43 +0000},
	Keywords = {stochastics},
	Publisher = {Springer Science \&amp; Business Media},
	Title = {Noise in spatially extended systems},
	Year = {2012}}

@book{VanKampen3,
	Author = {Van Kampen, Nicolaas Godfried},
	Date-Added = {2015-11-28 02:50:49 +0000},
	Date-Modified = {2015-11-28 02:51:02 +0000},
	Keywords = {stochastics},
	Publisher = {Elsevier},
	Title = {Stochastic processes in physics and chemistry},
	Volume = {1},
	Year = {1992}}

@inbook{WaymireDuan,
	editor = {Waymire, E. and Duan, J.},
	Date-Added = {2015-11-28 02:12:07 +0000},
	Date-Modified = {2015-11-28 02:22:54 +0000},
	Keywords = {stochastics},
	Publisher = {Springer-Verlag},
	Title = {Probability and Partial Differential Equations in Modern
Applied Mathematics},
	Year = {2005}}

@book{Wong,
	Author = {Wong, Eugene and Hajek, Bruce},
	Date-Added = {2015-11-28 02:57:50 +0000},
	Date-Modified = {2015-11-28 02:58:04 +0000},
	Keywords = {stochastics},
	Publisher = {Springer Science \& Business Media},
	Title = {Stochastic processes in engineering systems},
	Year = {2012}}

@book{Palmer1,
	Author = {Palmer, T. N. and Williams, P. (eds.)},
	Date-Added = {2015-11-28 02:57:50 +0000},
	Date-Modified = {2015-11-28 02:58:04 +0000},
	Keywords = {stochastics},
	Publisher = {Cambridge Univ. Press},
	Title = {Stochastic Physics and Climate Modeling},
	Year = {2009}}


@article{Kantz,
	Author = {Just, Wolfram and Kantz, Holger and R{\"o}denbeck, Christian and Helm, Mario},
	Date-Added = {2015-11-28 03:12:35 +0000},
	Date-Modified = {2015-11-28 03:12:51 +0000},
	Journal = {Journal of Physics A: Mathematical and General},
	Keywords = {stochastics},
	Number = {15},
	Pages = {3199},
	Publisher = {IOP Publishing},
	Title = {Stochastic modelling: replacing fast degrees of freedom by noise},
	Volume = {34},
	Year = {2001}}

@article{Wilks,
	Author = {Wilks, Daniel S},
	Date-Added = {2015-11-28 03:15:29 +0000},
	Date-Modified = {2015-11-28 03:15:46 +0000},
	Journal = {Quarterly Journal of the Royal Meteorological Society},
	Keywords = {stochastics},
	Number = {606},
	Pages = {389--407},
	Publisher = {Wiley Online Library},
	Title = {Effects of stochastic parametrizations in the Lorenz'96 system},
	Volume = {131},
	Year = {2005}}

@article{Williams,
	Author = {Williams, Paul D},
	Date-Added = {2015-11-28 03:18:10 +0000},
	Date-Modified = {2015-11-28 03:18:25 +0000},
	Journal = {Philosophical Transactions of the Royal Society of London A: Mathematical, Physical and Engineering Sciences},
	Keywords = {stochastics},
	Number = {1837},
	Pages = {2931--2946},
	Publisher = {The Royal Society},
	Title = {Modelling climate change: the role of unresolved processes},
	Volume = {363},
	Year = {2005}}

@article{Crauel,
	Author = {Crauel, Hans and Flandoli, Franco},
	Date-Added = {2015-11-28 03:24:59 +0000},
	Date-Modified = {2015-11-28 03:25:13 +0000},
	Journal = {Journal of Dynamics and Differential Equations},
	Keywords = {stochastics},
	Number = {2},
	Pages = {259--274},
	Publisher = {Springer},
	Title = {Additive noise destroys a pitchfork bifurcation},
	Volume = {10},
	Year = {1998}}

@inproceedings{CarLanRob01,
	Author = {Caraballo, Tom{\'a}s and Langa, Jos{\'e} A and Robinson, James C},
	Booktitle = {Proceedings of the Royal Society of London A: Mathematical, Physical and Engineering Sciences},
	Date-Added = {2015-11-28 03:27:44 +0000},
	Date-Modified = {2015-11-28 03:28:04 +0000},
	Keywords = {stochastics},
	Organization = {The Royal Society},
	Pages = {2041--2061},
	Title = {A stochastic pitchfork bifurcation in a reaction-diffusion equation},
	Volume = {457},
	Year = {2001}}

@article{imkeller2002model,
	Author = {Imkeller, Peter and Pavlyukevich, Ilya},
	Date-Added = {2015-11-28 03:31:41 +0000},
	Date-Modified = {2015-11-28 03:31:58 +0000},
	Journal = {Stochastics and Dynamics},
	Keywords = {stochastics},
	Number = {04},
	Pages = {463--506},
	Publisher = {World Scientific},
	Title = {Model reduction and stochastic resonance},
	Volume = {2},
	Year = {2002}}

@article{blomker2003pattern,
	Author = {Bl{\"o}mker, Dirk and Maier-Paape, Stanislaus},
	Date-Added = {2015-11-28 03:34:18 +0000},
	Date-Modified = {2015-11-28 03:34:33 +0000},
	Journal = {Zeitschrift f{\"u}r angewandte Mathematik und Physik ZAMP},
	Keywords = {stochastics},
	Number = {1},
	Pages = {1--25},
	Publisher = {Springer},
	Title = {Pattern formation below criticality forced by noise},
	Volume = {54},
	Year = {2003}}

@book{Ikeda,
	Author = {Ikeda, Nobuyuki and Watanabe, Shinzo},
	Date-Added = {2015-11-28 03:37:29 +0000},
	Date-Modified = {2015-11-28 03:37:42 +0000},
	Keywords = {stochastics},
	Publisher = {North-Holland Publishing Company},
	Title = {Stochastic differential equations and diffusion processes},
	Year = {1981}}

@BOOK{Taira,
	AUTHOR={Taira, K.},
	TITLE={Semigroups, Boundary Value Problems and Markov Processes},
	PUBLISHER={Springer, New York},
	YEAR={2004},
}

@article{ZhangXC2014,
	Author = {Zhang, X. },
	Journal = {Ann. Probab. },
	Number = {5 },
	Pages = {1885--1910},
	Title = { Densities for {SDEs} driven by degenerate $\alpha$-stable processes  },
	Volume = {42 },
	Year = {2014 }}with L\'evy noise

@article{Silvestre1,
	Author = {Silvestre, Luis },
	Journal = {INDIANA UNIVERSITY MATHEMATICS JOURNAL  },
	Number = {2 },
	Pages = { 557-584},
	Title = {On the Differentiability of the Solution to an Equation with Drift and Fractional Diffusion  },
	Volume = {61 },
	Year = {2012 }}

@article{Silvestre2,
	Author = {Silvestre, Luis and Vicol, Vlad and  Zlatos, Andrej },
	Journal = {ARCHIVE FOR RATIONAL MECHANICS AND ANALYSIS },
	Number = { 3},
	Pages = {845-877 },
	Title = {On the Loss of Continuity for Super-Critical Drift-Diffusion Equations  },
	Volume = {207 },
	Year = {2013 }}

@article{Xavier2,
	Author = { Fernandez-Real, Xavier and  Ros-Oton, Xavier},
	Journal = {Rev. Acad. Cienc. Ser. A Math},
	Number = { },
	Pages = { },
	Title = {Boundary regularity for the fractional heat equation},
	Volume = { },
	Year = {to appear }}

@article{Xavier1,
	Author = {Ros-Oton, Xavier  and   Valdinoci, Enrico},
	Journal = {Adv. Math.  },
	Number = { },
	Pages = { },
	Title = {The Dirichlet problem for nonlocal operators with singular kernels: convex and nonconvex domains},
	Volume = { },
	Year = {to appear }}

@article{QiaoDuan,
	Author = {Qiao, H. and Duan, J. },
	Journal = {Adv. in Appl. Probab. },
	Number = {3 },
	Pages = {902-918 },
	Title = {Nonlinear filtering of stochastic dynamical systems with {L}\'evy noises},
	Volume = {47 },
	Year = { 2015}}

@article{Miller,
	Author = {Miller, Robert N and Carter, Everett F and Blue, Sally T},
	Date-Added = {2015-11-30 05:33:09 +0000},
	Date-Modified = {2015-11-30 05:33:30 +0000},
	Journal = {Tellus A},
	Keywords = {stochastics},
	Number = {2},
	Pages = {167--194},
	Publisher = {Wiley Online Library},
	Title = {Data assimilation into nonlinear stochastic models},
	Volume = {51},
	Year = {1999}}

@article{ChengDuanWang,
	Author = {Cheng, Zhuan and Duan, Jinqiao and Wang, Liang},
	Date-Added = {2015-11-30 05:35:24 +0000},
	Date-Modified = {2015-11-30 05:35:37 +0000},
	Journal = {Communications in Nonlinear Science and Numerical Simulation},
	Keywords = {stochastics},
	Number = {1},
	Pages = {108--114},
	Publisher = {Elsevier},
	Title = {Most probable dynamics of some nonlinear systems under noisy fluctuations},
	Volume = {30},
	Year = {2016}}

@article{Swinney,
	Author = {Solomon, TH and Weeks, Eric R and Swinney, Harry L},
	Date-Added = {2015-11-30 05:54:59 +0000},
	Date-Modified = {2015-11-30 05:55:13 +0000},
	Journal = {Physical Review Letters},
	Keywords = {stochastics},
	Number = {24},
	Pages = {3975},
	Publisher = {APS},
	Title = {Observation of anomalous diffusion and {L{\'e}vy} flights in a two-dimensional rotating flow},
	Volume = {71},
	Year = {1993}}

@book{taqqu,
	Author = {Samoradnitsky, Gennady and Taqqu, Murad S},
	Date-Added = {2015-11-30 05:58:28 +0000},
	Date-Modified = {2015-11-30 05:58:46 +0000},
	Keywords = {stochastics},
	Publisher = {CRC Press},
	Title = {Stable non-{G}aussian random processes: stochastic models with infinite variance},
	Volume = {1},
	Year = {1994}}

@article{dybiec2009levy,
	Author = {Dybiec, Bart{\l}omiej and Gudowska-Nowak, Ewa},
	Date-Added = {2015-11-30 06:01:42 +0000},
	Date-Modified = {2015-11-30 06:01:56 +0000},
	Journal = {Journal of Statistical Mechanics: Theory and Experiment},
	Keywords = {stochastics},
	Number = {05},
	Pages = {P05004},
	Publisher = {IOP Publishing},
	Title = {L{\'e}vy stable noise-induced transitions: stochastic resonance, resonant activation and dynamic hysteresis},
	Volume = {2009},
	Year = {2009}}

@article{Humphries,
	Author = {Humphries, Nicolas E and Weimerskirch, Henri and Queiroz, Nuno and Southall, Emily J and Sims, David W},
	Date-Added = {2015-11-30 06:05:23 +0000},
	Date-Modified = {2015-11-30 06:05:34 +0000},
	Journal = {Proceedings of the National Academy of Sciences},
	Keywords = {stochastics},
	Number = {19},
	Pages = {7169--7174},
	Publisher = {National Acad Sciences},
	Title = {Foraging success of biological {L}{\'e}vy flights recorded in situ},
	Volume = {109},
	Year = {2012}}

@incollection{Brockmann,
	Author = {Brockmann, Dirk},
	Date-Added = {2015-11-30 06:09:18 +0000},
	Date-Modified = {2015-11-30 06:09:40 +0000},
	Booktitle = {Reviews of nonlinear dynamics and complexity},
	Keywords = {stochastics},
	Pages = {1--24},
	Publisher = {Wiley-VCH},
	Title = {Human mobility and spatial disease dynamics},
	Volume = {2},
	Year = {2009}}

@article{Loto,
	Author = {Lototsky, Sergey and Mikulevicius, Remigijus and Rozovskii, Boris L},
	Date-Added = {2015-11-30 17:36:49 +0000},
	Date-Modified = {2015-11-30 17:37:04 +0000},
	Journal = {SIAM Journal on Control and Optimization},
	Keywords = {stochastics},
	Number = {2},
	Pages = {435--461},
	Publisher = {SIAM},
	Title = {Nonlinear filtering revisited: a spectral approach},
	Volume = {35},
	Year = {1997}}

@book{Crisan,
	Author = {Bain, Alan and Crisan, Dan},
	Date-Added = {2015-11-30 17:39:04 +0000},
	Date-Modified = {2015-11-30 17:39:15 +0000},
	Keywords = {stochastics},
	Publisher = {Springer},
	Title = {Fundamentals of stochastic filtering},
	Volume = {3},
	Year = {2009}}

@article{Cai,
	Author = {Cai, Zhiqiang and Le Gland, Francois and Zhang, Huilong},
	Date-Added = {2015-11-30 17:44:22 +0000},
	Date-Modified = {2015-11-30 17:49:31 +0000},
	Journal = {Tech. Rep., INRIA},
	Keywords = {stochastics},
	Title = {An adaptive local grid refinement method for nonlinear filtering},
	Volume = {RR-2679},
	Year = {1995}}

@article{yau2008real,
	Author = {Yau, Shing-Tung and Yau, Stephen S-T},
	Date-Added = {2015-11-30 17:54:01 +0000},
	Date-Modified = {2015-11-30 17:54:14 +0000},
	Journal = {SIAM Journal on Control and Optimization},
	Keywords = {stochastics},
	Number = {1},
	Pages = {163--195},
	Publisher = {SIAM},
	Title = {Real time solution of the nonlinear filtering problem without memory {II}},
	Volume = {47},
	Year = {2008}}

@book{Jentzen,
	Author = {Jentzen, Arnulf and Kloeden, Peter E},
	Date-Added = {2015-11-30 17:56:08 +0000},
	Date-Modified = {2015-11-30 17:56:22 +0000},
	Keywords = {stochastics},
	Publisher = {SIAM},
	Title = {Taylor approximations for stochastic partial differential equations},
	Volume = {83},
	Year = {2011}}

@book{Lord,
	Author = {Lord, Gabriel J and Powell, Catherine E and Shardlow, Tony},
	Date-Added = {2015-11-30 17:57:53 +0000},
	Date-Modified = {2015-11-30 17:58:08 +0000},
	Keywords = {stochastics},
	Publisher = {Cambridge University Press},
	Title = {An Introduction to Computational Stochastic PDEs},
	Year = {2014}}


@article{sokolov1997paradoxal,
	title = {Paradoxal Diffusion in Chemical Space for Nearest-Neighbor Walks over Polymer Chains},
	author = {Sokolov, I. M. and Mai, J. and Blumen, A.},
	journal = {Phys. Rev. Lett.},
	volume = {79},
	issue = {5},
	pages = {857--860},
	year = {1997},
	month = {Aug},
	doi = {10.1103/PhysRevLett.79.857},
	url = {http://link.aps.org/doi/10.1103/PhysRevLett.79.857},
	publisher = {American Physical Society}
}

@article{brockmann2002levy,
	Author = {Brockmann, D. and Sokolov, IM},
	Date-Added = {2012-12-16 05:50:24 +0000},
	Date-Modified = {2012-12-16 05:57:30 +0000},
	Journal = {Chemical Physics},
	Keywords = {stochastics},
	Number = {1},
	Pages = {409--421},
	Publisher = {Elsevier},
	Title = {L{\'e}vy flights in external force fields: from models to equations},
	Volume = {284},
	Year = {2002}}

@article{eberlein2001term,
	Author = {Eberlein, E. and Raible, S.},
	Date-Added = {2012-12-16 06:00:11 +0000},
	Date-Modified = {2012-12-16 06:00:31 +0000},
	Journal = {Mathematical Finance},
	Keywords = {stochastics},
	Number = {1},
	Pages = {31--53},
	Publisher = {Wiley Online Library},
	Title = {Term structure models driven by general {L}{\'e}vy processes},
	Volume = {9},
	Year = {2001}}

@article{Popa,
	Author = {Popa, S and Sritharan, SS},
	Date-Added = {2015-11-30 23:34:49 +0000},
	Date-Modified = {2015-11-30 23:35:03 +0000},
	Journal = {Commun. Stochast. Anal.},
	Keywords = {stochastics},
	Pages = {313--330},
	Title = {Nonlinear filtering of {Ito--L{\'e}vy} stochastic differential equations with continuous observations},
	Volume = {3},
	Year = {2009}}

@incollection{Miku,
	Author = {Grigelionis, B. and Mikulevicius, R.},
	Booktitle = {The Oxford handbook of nonlinear filtering},
	Editor = {Crisan, D. and  Rozovskii, B. L.},
	Keywords = {stochastics},
	Pages = {95--128},
	Publisher = {Oxford University Press},
	Title = {Nonlinear filtering equations for stochastic processes with jumps},
	Year = {2011}}

@book{GM,
	Author = {Garroni, Maria Giovanna and Menaldi, Jos{\'e} Luis},
	Date-Added = {2015-11-30 23:49:14 +0000},
	Date-Modified = {2015-11-30 23:49:30 +0000},
	Keywords = {stochastics},
	Publisher = {John Wiley \& Sons, Inc.},
	Title = {Green functions for second order parabolic integro-differential problems},
	Year = {1992}}

@article{Kwas,
	Author = {Kwa{\'s}nicki, Mateusz},
	Date-Added = {2015-12-01 00:08:38 +0000},
	Date-Modified = {2015-12-01 00:08:48 +0000},
	Journal = {Journal of Functional Analysis},
	Keywords = {stochastics},
	Number = {5},
	Pages = {2379--2402},
	Publisher = {Elsevier},
	Title = {Eigenvalues of the fractional {L}aplace operator in the interval},
	Volume = {262},
	Year = {2012}}

@ARTICLE{Krasny-12,
	author={K. Lindsay and R. Krasny},
	title={
		A particle method and adaptive treecode
			for vortex sheet motion in three-dimensional
				flow
	},
	journal={J. Comp. Phys.},
	volume=172,
	pages=879,
	year=2001 }

@ARTICLE{Barnes,
	AUTHOR ="J. Barnes and P. Hut",
	TITLE = "A hierarchical {$O(N\log N)$} force-calculation algorithm",
	JOURNAL = "Nature",
	YEAR = "1986",
	VOLUME = "324",
	PAGES = "446"}

@article{WangDuanRoberts,
	Author = {Wang, Wei and Roberts, AJ and Duan, Jinqiao},
	Date-Added = {2015-12-01 00:21:03 +0000},
	Date-Modified = {2015-12-01 00:21:18 +0000},
	Journal = {Journal of Differential Equations},
	Keywords = {stochastics},
	Number = {12},
	Pages = {3501--3522},
	Publisher = {Elsevier},
	Title = {Large deviations and approximations for slow--fast stochastic reaction--diffusion equations},
	Volume = {253},
	Year = {2012}}



@article{chen2014generalized,
	Author = {Chen, Sheng and Shen, Jie and Wang, Li-Lian},
	Date-Added = {2015-12-01 16:57:21 +0000},
	Date-Modified = {2015-12-01 16:57:43 +0000},
	Journal = {arXiv preprint arXiv:1407.8303},
	Keywords = {stochastics},
	Title = {Generalized {Jacobi} functions and their applications to fractional differential equations},
	Year = {2014}}

@article{zayernouri2013fractional,
	Author = {Zayernouri, Mohsen and Karniadakis, George Em},
	Date-Added = {2015-12-01 18:27:02 +0000},
	Date-Modified = {2015-12-01 18:27:18 +0000},
	Journal = {Journal of Computational Physics},
	Keywords = {stochastics},
	Pages = {495--517},
	Publisher = {Elsevier},
	Title = {Fractional {S}turm--{L}iouville eigen-problems: theory and numerical approximation},
	Volume = {252},
	Year = {2013}}

@article{li2009space,
	Author = {Li, Xianjuan and Xu, Chuanju},
	Date-Added = {2015-12-01 18:36:57 +0000},
	Date-Modified = {2015-12-01 18:37:30 +0000},
	Journal = {SIAM Journal on Numerical Analysis},
	Keywords = {stochastics},
	Number = {3},
	Pages = {2108--2131},
	Publisher = {SIAM},
	Title = {A space-time spectral method for the time fractional diffusion equation},
	Volume = {47},
	Year = {2009}}

@article{QiaoKan,
	Author = {H. Qiao and X. Kan and J. Duan},
	Journal = {Springer Proceedings in Mathematics \& Statistics},
	Keywords = {stochastics},
	Title = {Escape probability for stochastic dynamical systems with jumps},
	Volume = {34},
	Year = {2013}}



%%% Stochastic modeling and noise sources





@book{Moss,
  title={Noise in Nonlinear Dynamical Systems, Vols. 1, 2, and 3},
  author="{F. Moss and P. V. E. McClintock (eds.) }",
  year={2007 - 2009  },
  address={   },
  publisher={Cambridge University Press    }
}





@article{Imkeller ,
	Author = { P. Imkeller and I. Pavlyukevich},
	Journal = {Stochastics and Dynamics   },
	Number = {4 },
	Pages = {463--506 },
	Title = {Model reduction and stochastic resonance    },
	Volume = {2 },
	Year = {2002 }}




@article{Dy ,
	Author = {B. Dybiec and E. Gudowska-Nowak },
	Journal = {J. Stat. Mech.   },
	Number = { },
	Pages = { P05004},
	Title = {L\'evy stable noise-induced transitions: stochastic resonance, resonant activation and dynamic hysteresis    },
	Volume = { },
	Year = {2009 }}



@article{dakos2008slowing ,
	Author = {V.~Dakos and  M.~Scheffer and  E.~van Nes and V.~Brovkin and V.~Petoukhov and H.~Held },
	Journal = {PNAS   },
	Number = { },
	Pages = { 14308--14312},
	Title = {Slowing down as an early warning signal for abrupt climate change    },
	Volume = {105 },
	Year = {2008 }}



@article{corral2019power ,
	Author = {{\'A}.~Corral and {\'A}.~Gonz{\'a}lez },
	Journal = {Earth Space Sci.   },
	Number = { },
	Pages = {673--697 },
	Title = {Power law size distributions in geoscience revisited    },
	Volume = {6 },
	Year = {2019 }}
 

@article{Stefan,
	Author = {D. Stefan and  C. Pinel and  S. Pinhal and  E. Cinquemani and  J. Geiselmann  and H. de Jong },
	Journal = {PLoS Comput Biol   },
	Number = {1 },
	Pages = {e1004028 },
	Title = { Inference of Quantitative Models of Bacterial Promoters from Time-Series Reporter Gene Data    },
	Volume = {11 },
	Year = {2015 }}




@article{Suel06 ,
	Author = { G. M. S\"{u}el and  Jordi Garcia-Ojalvo and Louisa M. Liberman and Michael B. Elowitz},
	Journal = { Nature  },
	Number = { },
	Pages = { 545-550 },
	Title = {An excitable gene  regulatory circuit induces transient cellular differentiation    },
	Volume = {440 },
	Year = {2006 }}

@article{ChenWuDuan,
	Author = { X. Chen and F. Wu and J. Duan and J. Kurths and X. Li },
	Journal = {Applied Mathematics and Computation},
	Number = { },
	Pages = {425-436},
	Title = {Most probable dynamics of a genetic regulatory network under stable L\'evy noise},
	Volume = {},
	Year = { 2018}}


@article{ZLDK ,
	Author = {Y. Zheng and L. Serdukova and J. Duan and J. Kurths },
	Journal = { Sci. Rep.  },
	Number = { },
	Pages = {29274 },
	Title = {Transitions in a genetic transcriptional regulartory system under L\'{e}vy motion    },
	Volume = {6 },
	Year = {2016 }}


@article{WCDKL ,
	Author = {H. Wang and X. Cheng and J. Daun and J. Kurths and X. Li },
	Journal = {Chaos   },
	Number = { },
	Pages = {013121 },
	Title = {Likelihood for transcriptions in a genetic regulatory system under asymmetric stable L\'{e}vy noise    },
	Volume = {28 },
	Year = {2018 }}




@book{KBRF ,
  title={Tempered stable distributions and
processes in finance: numerical analysis },
  author="{Y. S. Kim and M. L. Bianchi and S. T. Rachev and F. J. Fabozzi }",
  year={2010  },
  address={Milan   },
  publisher={Springer   }
}
